<?xml version="1.0" encoding="UTF-8"?>
<!DOCTYPE html PUBLIC "-//W3C//DTD XHTML 1.0 Transitional//EN"
    "http://www.w3.org/TR/xhtml1/DTD/xhtml1-transitional.dtd">
<html xmlns="http://www.w3.org/1999/xhtml" xml:lang="en" lang="en">
 <head>
  <title>
</title>
<meta http-equiv="Content-Type" content="text/html;charset=utf-8" />
  <meta name='ocr-system' content='tesseract 3.04.00' />
  <meta name='ocr-capabilities' content='ocr_page ocr_carea ocr_par ocr_line ocrx_word'/>
</head>
<body>
  <div class='ocr_page' id='page_1' title='image "./elementaadflora00pangoog_0034.png"; bbox 0 0 3532 5426; ppageno 0'>
   <div class='ocr_carea' id='block_1_1' title="bbox 2866 563 2948 623">
    <p class='ocr_par' dir='ltr' id='par_1_1' title="bbox 2866 563 2948 623">
     <span class='ocr_line' id='line_1_1' title="bbox 2866 563 2948 623; baseline 0.012 -1"><span class='ocrx_word' id='word_1_1' title='bbox 2866 563 2948 623; x_wconf 78' lang='lat'><strong>27</strong></span> 
     </span>
    </p>
   </div>
   <div class='ocr_carea' id='block_1_2' title="bbox 475 775 2953 2205">
    <p class='ocr_par' dir='ltr' id='par_1_2' title="bbox 576 775 2953 996">
     <span class='ocr_line' id='line_1_2' title="bbox 580 775 2953 874; baseline -0.005 -18"><span class='ocrx_word' id='word_1_2' title='bbox 580 786 784 874; x_wconf 83' lang='lat' dir='ltr'>apice</span> <span class='ocrx_word' id='word_1_3' title='bbox 839 786 1194 856; x_wconf 90' lang='lat' dir='ltr'><strong>truncatis</strong></span> <span class='ocrx_word' id='word_1_4' title='bbox 1254 792 1375 855; x_wconf 88' lang='lat' dir='ltr'><strong>aut</strong></span> <span class='ocrx_word' id='word_1_5' title='bbox 1413 785 1666 854; x_wconf 90' lang='lat' dir='ltr'><strong>leviter</strong></span> <span class='ocrx_word' id='word_1_6' title='bbox 1703 782 2191 870; x_wconf 86' lang='lat' dir='ltr'><strong>emarginatis‚</strong></span> <span class='ocrx_word' id='word_1_7' title='bbox 2248 777 2579 868; x_wconf 88' lang='lat' dir='ltr'><strong>carpellis</strong></span> <span class='ocrx_word' id='word_1_8' title='bbox 2620 796 2701 846; x_wconf 90' lang='lat' dir='ltr'><strong>ac</strong></span> <span class='ocrx_word' id='word_1_9' title='bbox 2742 775 2953 864; x_wconf 82' lang='lat' dir='ltr'><strong>stylis</strong></span> 
     </span>
     <span class='ocr_line' id='line_1_3' title="bbox 576 900 2449 996; baseline -0.004 -20"><span class='ocrx_word' id='word_1_10' title='bbox 576 928 712 976; x_wconf 92' lang='lat' dir='ltr'><strong>non</strong></span> <span class='ocrx_word' id='word_1_11' title='bbox 770 907 1177 977; x_wconf 90' lang='lat' dir='ltr'><strong>articulatis</strong></span> <span class='ocrx_word' id='word_1_12' title='bbox 1233 904 1779 996; x_wconf 78' lang='lat' dir='ltr'><strong>persistentibus</strong></span> <span class='ocrx_word' id='word_1_13' title='bbox 1835 903 2037 991; x_wconf 86' lang='lat' dir='ltr'><strong>longe</strong></span> <span class='ocrx_word' id='word_1_14' title='bbox 2092 900 2449 990; x_wconf 88' lang='lat' dir='ltr'><strong>plumosis.</strong></span> 
     </span>
    </p>

    <p class='ocr_par' dir='ltr' id='par_1_3' title="bbox 575 1018 2950 1360">
     <span class='ocr_line' id='line_1_4' title="bbox 780 1018 2949 1111; baseline -0.006 -13"><span class='ocrx_word' id='word_1_15' title='bbox 780 1027 967 1098; x_wconf 91' lang='lat' dir='ltr'><strong>Hab.</strong></span> <span class='ocrx_word' id='word_1_16' title='bbox 1027 1028 1098 1096; x_wconf 91' lang='lat' dir='ltr'><strong>in</strong></span> <span class='ocrx_word' id='word_1_17' title='bbox 1171 1025 1590 1097; x_wconf 88' lang='lat' dir='ltr'><strong>elatioribus</strong></span> <span class='ocrx_word' id='word_1_18' title='bbox 1653 1034 1754 1094; x_wconf 84' lang='lat' dir='ltr'><strong>m.</strong></span> <span class='ocrx_word' id='word_1_19' title='bbox 1812 1023 1979 1093; x_wconf 87' lang='lat' dir='ltr'><strong>Rilo</strong></span> <span class='ocrx_word' id='word_1_20' title='bbox 2054 1024 2126 1093; x_wconf 92' lang='lat' dir='ltr'><strong>in</strong></span> <span class='ocrx_word' id='word_1_21' title='bbox 2197 1023 2357 1111; x_wconf 89' lang='lat' dir='ltr'><strong>ripa</strong></span> <span class='ocrx_word' id='word_1_22' title='bbox 2412 1041 2667 1092; x_wconf 88' lang='lat' dir='ltr'><strong>saxosa</strong></span> <span class='ocrx_word' id='word_1_23' title='bbox 2739 1018 2949 1089; x_wconf 89' lang='lat' dir='ltr'><strong>rivuli</strong></span> 
     </span>
     <span class='ocr_line' id='line_1_5' title="bbox 581 1141 2950 1238; baseline -0.004 -18"><span class='ocrx_word' id='word_1_24' title='bbox 581 1150 669 1220; x_wconf 91' lang='lat' dir='ltr'><strong>ad</strong></span> <span class='ocrx_word' id='word_1_25' title='bbox 723 1151 911 1219; x_wconf 93' lang='lat' dir='ltr'><strong>viam</strong></span> <span class='ocrx_word' id='word_1_26' title='bbox 967 1169 1104 1238; x_wconf 92' lang='lat' dir='ltr'><strong>qua</strong></span> <span class='ocrx_word' id='word_1_27' title='bbox 1159 1150 1306 1218; x_wconf 88' lang='lat' dir='ltr'><strong>itur</strong></span> <span class='ocrx_word' id='word_1_28' title='bbox 1390 1171 1431 1219; x_wconf 92' lang='lat' dir='ltr'><strong>a</strong></span> <span class='ocrx_word' id='word_1_29' title='bbox 1488 1146 1821 1229; x_wconf 91' lang='lat' dir='ltr'><strong>coenobio</strong></span> <span class='ocrx_word' id='word_1_30' title='bbox 1879 1144 2047 1214; x_wconf 86' lang='lat' dir='ltr'><strong>Rilo</strong></span> <span class='ocrx_word' id='word_1_31' title='bbox 2132 1144 2219 1213; x_wconf 89' lang='lat' dir='ltr'><strong>ad</strong></span> <span class='ocrx_word' id='word_1_32' title='bbox 2278 1142 2645 1213; x_wconf 87' lang='lat' dir='ltr'><strong>Samokov.</strong></span> <span class='ocrx_word' id='word_1_33' title='bbox 2728 1141 2950 1213; x_wconf 90' lang='lat' dir='ltr'><strong>Initio</strong></span> 
     </span>
     <span class='ocr_line' id='line_1_6' title="bbox 575 1265 2945 1360; baseline -0.003 -19"><span class='ocrx_word' id='word_1_34' title='bbox 575 1269 755 1360; x_wconf 86' lang='lat' dir='ltr'>Aug.</span> <span class='ocrx_word' id='word_1_35' title='bbox 781 1272 1039 1341; x_wconf 91' lang='lat' dir='ltr'><strong>lectum</strong></span> <span class='ocrx_word' id='word_1_36' title='bbox 1077 1269 1224 1340; x_wconf 85' lang='lat' dir='ltr'><strong>fere</strong></span> <span class='ocrx_word' id='word_1_37' title='bbox 1258 1268 1699 1354; x_wconf 88' lang='lat' dir='ltr'><strong>defloratum,</strong></span> <span class='ocrx_word' id='word_1_38' title='bbox 1738 1287 1869 1337; x_wconf 90' lang='lat' dir='ltr'><strong>nec</strong></span> <span class='ocrx_word' id='word_1_39' title='bbox 1908 1286 2062 1336; x_wconf 92' lang='lat' dir='ltr'><strong>cum</strong></span> <span class='ocrx_word' id='word_1_40' title='bbox 2091 1265 2441 1335; x_wconf 86' lang='lat' dir='ltr'><strong>fructibus</strong></span> <span class='ocrx_word' id='word_1_41' title='bbox 2481 1270 2596 1335; x_wconf 89' lang='lat' dir='ltr'><strong>sat</strong></span> <span class='ocrx_word' id='word_1_42' title='bbox 2622 1265 2945 1334; x_wconf 87' lang='lat' dir='ltr'><strong>maturis.</strong></span> 
     </span>
    </p>

    <p class='ocr_par' dir='ltr' id='par_1_4' title="bbox 475 1386 2952 2205">
     <span class='ocr_line' id='line_1_7' title="bbox 780 1386 2946 1480; baseline -0.004 -18"><span class='ocrx_word' id='word_1_43' title='bbox 780 1393 1199 1462; x_wconf 88' lang='lat' dir='ltr'><strong>Rhizomate</strong></span> <span class='ocrx_word' id='word_1_44' title='bbox 1257 1411 1662 1480; x_wconf 88' lang='lat' dir='ltr'><strong>praemorso</strong></span> <span class='ocrx_word' id='word_1_45' title='bbox 1701 1389 2133 1476; x_wconf 87' lang='lat' dir='ltr'><strong>multicipite</strong></span> <span class='ocrx_word' id='word_1_46' title='bbox 2201 1386 2288 1455; x_wconf 91' lang='lat' dir='ltr'><strong>ad</strong></span> <span class='ocrx_word' id='word_1_47' title='bbox 2328 1386 2583 1455; x_wconf 93' lang='lat' dir='ltr'><strong>collum</strong></span> <span class='ocrx_word' id='word_1_48' title='bbox 2623 1387 2694 1454; x_wconf 91' lang='lat' dir='ltr'><strong>in</strong></span> <span class='ocrx_word' id='word_1_49' title='bbox 2734 1386 2946 1455; x_wconf 71' lang='lat' dir='ltr'><strong>libras</strong></span> 
     </span>
     <span class='ocr_line' id='line_1_8' title="bbox 475 1503 2950 1600; baseline -0.004 -17"><span class='ocrx_word' id='word_1_50' title='bbox 475 1503 478 1506; x_wconf 58' lang='grc'>’</span> <span class='ocrx_word' id='word_1_51' title='bbox 571 1508 808 1583; x_wconf 83' lang='lat' dir='ltr'><strong>fuscas</strong></span> <span class='ocrx_word' id='word_1_52' title='bbox 832 1531 1129 1600; x_wconf 80' lang='lat' dir='ltr'>pennam</span> <span class='ocrx_word' id='word_1_53' title='bbox 1159 1512 1557 1581; x_wconf 79' lang='lat' dir='ltr'><strong>anserinam</strong></span> <span class='ocrx_word' id='word_1_54' title='bbox 1586 1530 1862 1580; x_wconf 86' lang='lat' dir='ltr'><strong>crassas</strong></span> <span class='ocrx_word' id='word_1_55' title='bbox 1888 1508 2138 1593; x_wconf 73' lang='lat' dir='ltr'><strong>solum,</strong></span> <span class='ocrx_word' id='word_1_56' title='bbox 2170 1505 2499 1576; x_wconf 85' lang='lat' dir='ltr'><strong>foliorum</strong></span> <span class='ocrx_word' id='word_1_57' title='bbox 2536 1505 2950 1576; x_wconf 90' lang='lat' dir='ltr'><strong>radicalium</strong></span> 
     </span>
     <span class='ocr_line' id='line_1_9' title="bbox 581 1600 2950 1722; baseline -0.003 -22"><span class='ocrx_word' id='word_1_58' title='bbox 581 1631 741 1703; x_wconf 89' lang='lat' dir='ltr'><strong>lobo</strong></span> <span class='ocrx_word' id='word_1_59' title='bbox 783 1600 1180 1706; x_wconf 45' lang='lat' dir='ltr'><strong>terminal&amp;</strong></span> <span class='ocrx_word' id='word_1_60' title='bbox 1211 1629 1408 1700; x_wconf 82' lang='lat'><strong>4-6</strong></span> <span class='ocrx_word' id='word_1_61' title='bbox 1470 1630 1797 1720; x_wconf 86' lang='lat' dir='ltr'><strong>policari‚</strong></span> <span class='ocrx_word' id='word_1_62' title='bbox 1855 1627 2275 1698; x_wconf 85' lang='lat' dir='ltr'><strong>lateralibus</strong></span> <span class='ocrx_word' id='word_1_63' title='bbox 2320 1625 2515 1696; x_wconf 78' lang='lat'>1—-4</span> <span class='ocrx_word' id='word_1_64' title='bbox 2555 1626 2658 1722; x_wconf 92' lang='lat' dir='ltr'><strong>lin</strong></span> <span class='ocrx_word' id='word_1_65' title='bbox 2693 1627 2950 1714; x_wconf 87' lang='lat' dir='ltr'><strong>longis.</strong></span> 
     </span>
     <span class='ocr_line' id='line_1_10' title="bbox 571 1747 2949 1834; baseline -0.003 -12"><span class='ocrx_word' id='word_1_66' title='bbox 571 1751 868 1822; x_wconf 86' lang='lat' dir='ltr'><strong>Statura</strong></span> <span class='ocrx_word' id='word_1_67' title='bbox 921 1758 995 1822; x_wconf 91' lang='lat' dir='ltr'><strong>et</strong></span> <span class='ocrx_word' id='word_1_68' title='bbox 1048 1751 1242 1823; x_wconf 92' lang='lat' dir='ltr'><strong>floris</strong></span> <span class='ocrx_word' id='word_1_69' title='bbox 1301 1753 1857 1823; x_wconf 87' lang='lat' dir='ltr'><strong>conformatione</strong></span> <span class='ocrx_word' id='word_1_70' title='bbox 1916 1747 1994 1819; x_wconf 83' lang='lat' dir='ltr'><strong>G.</strong></span> <span class='ocrx_word' id='word_1_71' title='bbox 2051 1748 2275 1819; x_wconf 83' lang='lat' dir='ltr'><strong>rivale</strong></span> <span class='ocrx_word' id='word_1_72' title='bbox 2350 1749 2770 1834; x_wconf 88' lang='lat' dir='ltr'><strong>aemulatur,</strong></span> <span class='ocrx_word' id='word_1_73' title='bbox 2827 1747 2949 1817; x_wconf 89' lang='lat' dir='ltr'><strong>sed</strong></span> 
     </span>
     <span class='ocr_line' id='line_1_11' title="bbox 570 1869 2952 1962; baseline -0.002 -20"><span class='ocrx_word' id='word_1_74' title='bbox 570 1873 656 1943; x_wconf 96' lang='lat' dir='ltr'><strong>ob</strong></span> <span class='ocrx_word' id='word_1_75' title='bbox 686 1873 910 1962; x_wconf 88' lang='lat' dir='ltr'><strong>stylos</strong></span> <span class='ocrx_word' id='word_1_76' title='bbox 962 1893 1099 1941; x_wconf 94' lang='lat' dir='ltr'><strong>non</strong></span> <span class='ocrx_word' id='word_1_77' title='bbox 1129 1872 1552 1947; x_wconf 87' lang='lat' dir='ltr'><strong>articulatos</strong></span> <span class='ocrx_word' id='word_1_78' title='bbox 1593 1894 1760 1943; x_wconf 91' lang='lat' dir='ltr'><strong>vera</strong></span> <span class='ocrx_word' id='word_1_79' title='bbox 1793 1871 2167 1942; x_wconf 85' lang='lat' dir='ltr'><strong>Sieversia.</strong></span> <span class='ocrx_word' id='word_1_80' title='bbox 2226 1869 2515 1941; x_wconf 88' lang='lat' dir='ltr'><strong>Eminus</strong></span> <span class='ocrx_word' id='word_1_81' title='bbox 2557 1876 2952 1960; x_wconf 89' lang='lat' dir='ltr'><strong>spectatum</strong></span> 
     </span>
     <span class='ocr_line' id='line_1_12' title="bbox 569 1991 2947 2081; baseline 0 -20"><span class='ocrx_word' id='word_1_82' title='bbox 569 2013 698 2081; x_wconf 90' lang='lat' dir='ltr'><strong>pro</strong></span> <span class='ocrx_word' id='word_1_83' title='bbox 758 1993 991 2081; x_wconf 87' lang='lat' dir='ltr'><strong>specie</strong></span> <span class='ocrx_word' id='word_1_84' title='bbox 1048 1991 1473 2063; x_wconf 87' lang='lat' dir='ltr'><strong>Petasitidis</strong></span> <span class='ocrx_word' id='word_1_85' title='bbox 1528 1993 1741 2064; x_wconf 90' lang='lat' dir='ltr'><strong>habui</strong></span> <span class='ocrx_word' id='word_1_86' title='bbox 1798 1994 1884 2064; x_wconf 92' lang='lat' dir='ltr'><strong>ob</strong></span> <span class='ocrx_word' id='word_1_87' title='bbox 1939 1994 2266 2064; x_wconf 86' lang='lat' dir='ltr'><strong>foliorum</strong></span> <span class='ocrx_word' id='word_1_88' title='bbox 2320 1994 2556 2064; x_wconf 91' lang='lat' dir='ltr'><strong>lobum</strong></span> <span class='ocrx_word' id='word_1_89' title='bbox 2608 1992 2947 2061; x_wconf 88' lang='lat' dir='ltr'><strong>termina-</strong></span> 
     </span>
     <span class='ocr_line' id='line_1_13' title="bbox 569 2106 2159 2205; baseline 0.003 -24"><span class='ocrx_word' id='word_1_90' title='bbox 569 2111 705 2181; x_wconf 90' lang='lat' dir='ltr'><strong>lem</strong></span> <span class='ocrx_word' id='word_1_91' title='bbox 762 2106 1068 2200; x_wconf 86' lang='lat' dir='ltr'><strong>amplum</strong></span> <span class='ocrx_word' id='word_1_92' title='bbox 1125 2133 1206 2183; x_wconf 93' lang='lat' dir='ltr'><strong>ac</strong></span> <span class='ocrx_word' id='word_1_93' title='bbox 1263 2112 1599 2184; x_wconf 82' lang='lat' dir='ltr'><strong>laterales</strong></span> <span class='ocrx_word' id='word_1_94' title='bbox 1655 2116 2159 2205; x_wconf 88' lang='lat' dir='ltr'><strong>imperceptos.</strong></span> 
     </span>
    </p>
   </div>
   <div class='ocr_carea' id='block_1_3' title="bbox 562 2249 2391 2442">
    <p class='ocr_par' dir='ltr' id='par_1_5' title="bbox 562 2249 2391 2442">
     <span class='ocr_line' id='line_1_14' title="bbox 783 2249 2391 2351; baseline 0.004 -31"><span class='ocrx_word' id='word_1_95' title='bbox 783 2249 1038 2320; x_wconf 75' lang='lat' dir='ltr'><strong>Bubus</strong></span> <span class='ocrx_word' id='word_1_96' title='bbox 1091 2249 1368 2338; x_wconf 78' lang='lat' dir='ltr'><strong>Idaeus</strong></span> <span class='ocrx_word' id='word_1_97' title='bbox 1423 2251 1505 2322; x_wconf 91' lang='lat' dir='ltr'><strong>L.</strong></span> <span class='ocrx_word' id='word_1_98' title='bbox 1590 2252 1673 2322; x_wconf 95' lang='lat' dir='ltr'><strong>In</strong></span> <span class='ocrx_word' id='word_1_99' title='bbox 1755 2256 2069 2351; x_wconf 44' lang='lat' dir='ltr'><strong>saxosis·</strong></span> <span class='ocrx_word' id='word_1_100' title='bbox 2110 2277 2202 2324; x_wconf 91' lang='lat' dir='ltr'><strong>m.</strong></span> <span class='ocrx_word' id='word_1_101' title='bbox 2271 2255 2391 2326; x_wconf 89' lang='lat' dir='ltr'><strong>Ra·</strong></span> 
     </span>
     <span class='ocr_line' id='line_1_15' title="bbox 562 2369 952 2442; baseline 0.005 -4"><span class='ocrx_word' id='word_1_102' title='bbox 562 2391 656 2439; x_wconf 95' lang='lat' dir='ltr'><strong>m.</strong></span> <span class='ocrx_word' id='word_1_103' title='bbox 716 2369 952 2442; x_wconf 76' lang='lat' dir='ltr'><strong>Vitos.</strong></span> 
     </span>
    </p>
   </div>
   <div class='ocr_carea' id='block_1_4' title="bbox 778 2479 2339 2584">
    <p class='ocr_par' dir='ltr' id='par_1_6' title="bbox 778 2479 2339 2584">
     <span class='ocr_line' id='line_1_16' title="bbox 778 2479 2339 2584; baseline 0.004 -24"><span class='ocrx_word' id='word_1_104' title='bbox 778 2489 872 2563; x_wconf 81' lang='lat' dir='ltr'><strong>R.</strong></span> <span class='ocrx_word' id='word_1_105' title='bbox 930 2495 1325 2584; x_wconf 73' lang='lat' dir='ltr'><strong>fruticosus</strong></span> <span class='ocrx_word' id='word_1_106' title='bbox 1381 2494 1463 2565; x_wconf 92' lang='lat' dir='ltr'><strong>L.</strong></span> <span class='ocrx_word' id='word_1_107' title='bbox 1521 2494 1604 2564; x_wconf 94' lang='lat' dir='ltr'><strong>In</strong></span> <span class='ocrx_word' id='word_1_108' title='bbox 1660 2497 1933 2566; x_wconf 86' lang='lat' dir='ltr'><strong>saxosis</strong></span> <span class='ocrx_word' id='word_1_109' title='bbox 1988 2517 2077 2566; x_wconf 93' lang='lat' dir='ltr'><strong>m.</strong></span> <span class='ocrx_word' id='word_1_110' title='bbox 2140 2479 2339 2568; x_wconf 76' lang='lat' dir='ltr'><strong>Strbi</strong></span> 
     </span>
    </p>
   </div>
   <div class='ocr_carea' id='block_1_5' title="bbox 567 2594 2391 2823">
    <p class='ocr_par' dir='ltr' id='par_1_7' title="bbox 567 2594 2391 2823">
     <span class='ocr_line' id='line_1_17' title="bbox 774 2594 2391 2771; baseline 0.006 -72"><span class='ocrx_word' id='word_1_111' title='bbox 774 2629 867 2701; x_wconf 83' lang='lat' dir='ltr'><strong>R.</strong></span> <span class='ocrx_word' id='word_1_112' title='bbox 923 2631 1406 2721; x_wconf 72' lang='lat' dir='ltr'><strong>ylandulosus</strong></span> <span class='ocrx_word' id='word_1_113' title='bbox 1447 2594 1626 2703; x_wconf 90' lang='lat' dir='ltr'><strong>Bell.</strong></span> <span class='ocrx_word' id='word_1_114' title='bbox 1685 2636 1770 2704; x_wconf 91' lang='lat' dir='ltr'><strong>In</strong></span> <span class='ocrx_word' id='word_1_115' title='bbox 1810 2636 2272 2771; x_wconf 87' lang='lat' dir='ltr'><strong>sylvestribus</strong></span> <span class='ocrx_word' id='word_1_116' title='bbox 2310 2659 2391 2707; x_wconf 94' lang='lat' dir='ltr'><strong>m</strong></span> 
     </span>
     <span class='ocr_line' id='line_1_18' title="bbox 567 2753 1084 2823; baseline 0.004 -2"><span class='ocrx_word' id='word_1_117' title='bbox 567 2758 643 2821; x_wconf 94' lang='lat' dir='ltr'><strong>et</strong></span> <span class='ocrx_word' id='word_1_118' title='bbox 699 2774 790 2823; x_wconf 94' lang='lat' dir='ltr'><strong>m.</strong></span> <span class='ocrx_word' id='word_1_119' title='bbox 845 2753 1084 2823; x_wconf 83' lang='lat' dir='ltr'><strong>vitos.</strong></span> 
     </span>
    </p>
   </div>
   <div class='ocr_carea' id='block_1_6' title="bbox 774 2870 3059 2950">
    <p class='ocr_par' dir='ltr' id='par_1_8' title="bbox 774 2870 3059 2950">
     <span class='ocr_line' id='line_1_19' title="bbox 774 2870 3059 2950; baseline 0.003 -9"><span class='ocrx_word' id='word_1_120' title='bbox 774 2870 868 2944; x_wconf 87' lang='lat' dir='ltr'><strong>R.</strong></span> <span class='ocrx_word' id='word_1_121' title='bbox 927 2874 1232 2945; x_wconf 76' lang='lat' dir='ltr'><strong>discolor</strong></span> <span class='ocrx_word' id='word_1_122' title='bbox 1285 2874 1471 2946; x_wconf 88' lang='lat' dir='ltr'><strong>Nees</strong></span> <span class='ocrx_word' id='word_1_123' title='bbox 1529 2876 1618 2946; x_wconf 89' lang='lat' dir='ltr'><strong>ab</strong></span> <span class='ocrx_word' id='word_1_124' title='bbox 1673 2875 1834 2948; x_wconf 88' lang='lat' dir='ltr'><strong>Ess.</strong></span> <span class='ocrx_word' id='word_1_125' title='bbox 1893 2877 1977 2947; x_wconf 92' lang='lat' dir='ltr'><strong>In</strong></span> <span class='ocrx_word' id='word_1_126' title='bbox 2008 2880 2280 2950; x_wconf 84' lang='lat' dir='ltr'><strong>saxosis</strong></span> <span class='ocrx_word' id='word_1_127' title='bbox 2336 2881 2519 2950; x_wconf 92' lang='lat' dir='ltr'><strong>imae</strong></span> <span class='ocrx_word' id='word_1_128' title='bbox 2558 2878 2768 2950; x_wconf 89' lang='lat' dir='ltr'><strong>vallis</strong></span> <span class='ocrx_word' id='word_1_129' title='bbox 2807 2880 2943 2949; x_wconf 88' lang='lat' dir='ltr'><strong>rivi</strong></span> <span class='ocrx_word' id='word_1_130' title='bbox 3056 2897 3059 2900; x_wconf 67' lang='grc'>“</span> 
     </span>
    </p>
   </div>
   <div class='ocr_carea' id='block_1_7' title="bbox 525 2992 2946 3205">
    <p class='ocr_par' dir='ltr' id='par_1_9' title="bbox 525 2992 2946 3205">
     <span class='ocr_line' id='line_1_20' title="bbox 525 2992 1845 3086; baseline 0.002 -21"><span class='ocrx_word' id='word_1_131' title='bbox 525 3004 528 3007; x_wconf 80' lang='grc'>’</span> <span class='ocrx_word' id='word_1_132' title='bbox 569 2992 736 3065; x_wconf 86' lang='lat' dir='ltr'><strong>Rilo</strong></span> <span class='ocrx_word' id='word_1_133' title='bbox 795 3016 1008 3083; x_wconf 88' lang='lat' dir='ltr'><strong>supra</strong></span> <span class='ocrx_word' id='word_1_134' title='bbox 1061 2998 1289 3067; x_wconf 92' lang='lat' dir='ltr'><strong>vicum</strong></span> <span class='ocrx_word' id='word_1_135' title='bbox 1345 3000 1845 3086; x_wconf 81' lang='lat' dir='ltr'><strong>cognominem.</strong></span> 
     </span>
     <span class='ocr_line' id='line_1_21' title="bbox 781 3114 2946 3205; baseline 0 -20"><span class='ocrx_word' id='word_1_136' title='bbox 781 3114 1177 3205; x_wconf 70' lang='lat' dir='ltr'><strong>Frayaria</strong></span> <span class='ocrx_word' id='word_1_137' title='bbox 1249 3118 1516 3189; x_wconf 78' lang='lat' dir='ltr'><strong>collina</strong></span> <span class='ocrx_word' id='word_1_138' title='bbox 1571 3118 1742 3189; x_wconf 86' lang='lat' dir='ltr'><strong>Ehr.</strong></span> <span class='ocrx_word' id='word_1_139' title='bbox 1825 3120 1909 3190; x_wconf 93' lang='lat' dir='ltr'><strong>In</strong></span> <span class='ocrx_word' id='word_1_140' title='bbox 1971 3121 2274 3191; x_wconf 90' lang='lat' dir='ltr'><strong>dumetis</strong></span> <span class='ocrx_word' id='word_1_141' title='bbox 2356 3122 2479 3190; x_wconf 94' lang='lat' dir='ltr'><strong>imi</strong></span> <span class='ocrx_word' id='word_1_142' title='bbox 2558 3140 2650 3188; x_wconf 93' lang='lat' dir='ltr'><strong>m.</strong></span> <span class='ocrx_word' id='word_1_143' title='bbox 2706 3117 2946 3187; x_wconf 73' lang='lat' dir='ltr'><strong>Vitos.</strong></span> 
     </span>
    </p>
   </div>
   <div class='ocr_carea' id='block_1_8' title="bbox 571 3249 2948 3462">
    <p class='ocr_par' dir='ltr' id='par_1_10' title="bbox 571 3249 2948 3462">
     <span class='ocr_line' id='line_1_22' title="bbox 783 3249 2948 3349; baseline 0 -24"><span class='ocrx_word' id='word_1_144' title='bbox 783 3255 1183 3327; x_wconf 71' lang='lat' dir='ltr'><strong>Potentilla</strong></span> <span class='ocrx_word' id='word_1_145' title='bbox 1235 3249 1598 3349; x_wconf 63' lang='lat' dir='ltr'><strong>rupestris</strong></span> <span class='ocrx_word' id='word_1_146' title='bbox 1653 3260 1735 3330; x_wconf 93' lang='lat' dir='ltr'><strong>L.</strong></span> <span class='ocrx_word' id='word_1_147' title='bbox 1794 3260 1879 3330; x_wconf 92' lang='lat' dir='ltr'><strong>In</strong></span> <span class='ocrx_word' id='word_1_148' title='bbox 1932 3260 2372 3349; x_wconf 87' lang='lat' dir='ltr'><strong>rupestribus</strong></span> <span class='ocrx_word' id='word_1_149' title='bbox 2431 3258 2787 3328; x_wconf 88' lang='lat' dir='ltr'><strong>arenaceis</strong></span> <span class='ocrx_word' id='word_1_150' title='bbox 2852 3278 2948 3326; x_wconf 91' lang='lat' dir='ltr'><strong>m.</strong></span> 
     </span>
     <span class='ocr_line' id='line_1_23' title="bbox 571 3370 1701 3462; baseline 0.01 -22"><span class='ocrx_word' id='word_1_151' title='bbox 571 3370 900 3462; x_wconf 89' lang='lat' dir='ltr'><strong>Tupanac</strong></span> <span class='ocrx_word' id='word_1_152' title='bbox 960 3418 1052 3429; x_wconf 89' lang='lat'>—</span> <span class='ocrx_word' id='word_1_153' title='bbox 1113 3377 1326 3449; x_wconf 85' lang='lat' dir='ltr'><strong>Stara</strong></span> <span class='ocrx_word' id='word_1_154' title='bbox 1379 3378 1701 3451; x_wconf 88' lang='lat' dir='ltr'><strong>Planina.</strong></span> 
     </span>
    </p>
   </div>
   <div class='ocr_carea' id='block_1_9' title="bbox 783 3500 2946 3740">
    <p class='ocr_par' dir='ltr' id='par_1_11' title="bbox 783 3500 2946 3740">
     <span class='ocr_line' id='line_1_24' title="bbox 795 3500 2651 3607; baseline 0.002 -24"><span class='ocrx_word' id='word_1_155' title='bbox 795 3514 880 3584; x_wconf 87' lang='lat' dir='ltr'><strong>P.</strong></span> <span class='ocrx_word' id='word_1_156' title='bbox 936 3522 1140 3587; x_wconf 80' lang='lat' dir='ltr'><strong>reeta</strong></span> <span class='ocrx_word' id='word_1_157' title='bbox 1193 3515 1277 3587; x_wconf 91' lang='lat' dir='ltr'><strong>L.</strong></span> <span class='ocrx_word' id='word_1_158' title='bbox 1362 3519 1444 3587; x_wconf 92' lang='lat' dir='ltr'><strong>In</strong></span> <span class='ocrx_word' id='word_1_159' title='bbox 1520 3520 1790 3607; x_wconf 87' lang='lat' dir='ltr'><strong>asperis</strong></span> <span class='ocrx_word' id='word_1_160' title='bbox 1873 3519 2077 3590; x_wconf 88' lang='lat' dir='ltr'><strong>collis</strong></span> <span class='ocrx_word' id='word_1_161' title='bbox 2133 3518 2375 3589; x_wconf 76' lang='lat' dir='ltr'><strong>Vrska</strong></span> <span class='ocrx_word' id='word_1_162' title='bbox 2430 3500 2651 3588; x_wconf 69' lang='lat' dir='ltr'><strong>Ouka.</strong></span> 
     </span>
     <span class='ocr_line' id='line_1_25' title="bbox 783 3632 2946 3740; baseline 0.002 -36"><span class='ocrx_word' id='word_1_163' title='bbox 783 3632 873 3705; x_wconf 94' lang='lat' dir='ltr'><strong>P.</strong></span> <span class='ocrx_word' id='word_1_164' title='bbox 937 3641 1289 3723; x_wconf 63' lang='lat' dir='ltr'><strong>amantea</strong></span> <span class='ocrx_word' id='word_1_165' title='bbox 1342 3637 1424 3708; x_wconf 94' lang='lat' dir='ltr'><strong>L.</strong></span> <span class='ocrx_word' id='word_1_166' title='bbox 1484 3640 1567 3708; x_wconf 93' lang='lat' dir='ltr'><strong>In</strong></span> <span class='ocrx_word' id='word_1_167' title='bbox 1623 3643 1907 3740; x_wconf 69' lang='lat' dir='ltr'><strong>pascuis</strong></span> <span class='ocrx_word' id='word_1_168' title='bbox 1966 3641 2493 3713; x_wconf 89' lang='lat' dir='ltr'><strong>demissioribus</strong></span> <span class='ocrx_word' id='word_1_169' title='bbox 2560 3659 2652 3709; x_wconf 93' lang='lat' dir='ltr'><strong>m.</strong></span> <span class='ocrx_word' id='word_1_170' title='bbox 2708 3638 2946 3709; x_wconf 74' lang='lat' dir='ltr'><strong>Vitos.</strong></span> 
     </span>
    </p>
   </div>
   <div class='ocr_carea' id='block_1_10' title="bbox 780 3750 2589 3952">
    <p class='ocr_par' dir='ltr' id='par_1_12' title="bbox 780 3750 2589 3952">
     <span class='ocr_line' id='line_1_26' title="bbox 783 3750 2548 3849; baseline 0.003 -26"><span class='ocrx_word' id='word_1_171' title='bbox 783 3755 873 3824; x_wconf 87' lang='lat' dir='ltr'><strong>P.</strong></span> <span class='ocrx_word' id='word_1_172' title='bbox 931 3763 1232 3849; x_wconf 76' lang='lat' dir='ltr'><strong>reptans</strong></span> <span class='ocrx_word' id='word_1_173' title='bbox 1287 3758 1369 3829; x_wconf 88' lang='lat' dir='ltr'><strong>L.</strong></span> <span class='ocrx_word' id='word_1_174' title='bbox 1429 3762 1512 3830; x_wconf 93' lang='lat' dir='ltr'><strong>In</strong></span> <span class='ocrx_word' id='word_1_175' title='bbox 1567 3760 1780 3832; x_wconf 87' lang='lat' dir='ltr'><strong>fossis</strong></span> <span class='ocrx_word' id='word_1_176' title='bbox 1839 3763 1926 3832; x_wconf 92' lang='lat' dir='ltr'><strong>ad</strong></span> <span class='ocrx_word' id='word_1_177' title='bbox 1984 3750 2319 3831; x_wconf 83' lang='lat' dir='ltr'><strong>Slivnica.</strong></span> <span class='ocrx_word' id='word_1_178' title='bbox 2539 3813 2548 3820; x_wconf 89' lang='lat'><strong>.</strong></span> 
     </span>
     <span class='ocr_line' id='line_1_27' title="bbox 780 3874 2589 3952; baseline 0.004 -7"><span class='ocrx_word' id='word_1_179' title='bbox 780 3874 857 3945; x_wconf 90' lang='lat' dir='ltr'><strong>P.</strong></span> <span class='ocrx_word' id='word_1_180' title='bbox 921 3876 1401 3948; x_wconf 76' lang='lat' dir='ltr'><strong>Tormentilla</strong></span> <span class='ocrx_word' id='word_1_181' title='bbox 1453 3878 1684 3950; x_wconf 87' lang='lat' dir='ltr'><strong>Sibth.</strong></span> <span class='ocrx_word' id='word_1_182' title='bbox 1741 3880 1823 3949; x_wconf 93' lang='lat' dir='ltr'><strong>In</strong></span> <span class='ocrx_word' id='word_1_183' title='bbox 1879 3881 2196 3952; x_wconf 90' lang='lat' dir='ltr'><strong>herbidis</strong></span> <span class='ocrx_word' id='word_1_184' title='bbox 2250 3901 2339 3950; x_wconf 93' lang='lat' dir='ltr'><strong>m.</strong></span> <span class='ocrx_word' id='word_1_185' title='bbox 2398 3881 2589 3952; x_wconf 89' lang='lat' dir='ltr'><strong>Rilo.</strong></span> 
     </span>
    </p>
   </div>
   <div class='ocr_carea' id='block_1_11' title="bbox 571 4014 2939 4211">
    <p class='ocr_par' dir='ltr' id='par_1_13' title="bbox 571 4014 2939 4211">
     <span class='ocr_line' id='line_1_28' title="bbox 777 4014 2939 4110; baseline 0.002 -25"><span class='ocrx_word' id='word_1_186' title='bbox 777 4014 866 4086; x_wconf 91' lang='lat' dir='ltr'><strong>P.</strong></span> <span class='ocrx_word' id='word_1_187' title='bbox 922 4017 1540 4110; x_wconf 72' lang='lat' dir='ltr'><strong>chrysocraspeda</strong></span> <span class='ocrx_word' id='word_1_188' title='bbox 1593 4020 1839 4091; x_wconf 91' lang='lat' dir='ltr'><strong>Lehm.</strong></span> <span class='ocrx_word' id='word_1_189' title='bbox 1896 4021 1978 4091; x_wconf 91' lang='lat' dir='ltr'><strong>In</strong></span> <span class='ocrx_word' id='word_1_190' title='bbox 2034 4022 2315 4109; x_wconf 83' lang='lat' dir='ltr'><strong>pascuis</strong></span> <span class='ocrx_word' id='word_1_191' title='bbox 2369 4041 2459 4088; x_wconf 94' lang='lat' dir='ltr'><strong>m.</strong></span> <span class='ocrx_word' id='word_1_192' title='bbox 2517 4019 2809 4110; x_wconf 89' lang='lat' dir='ltr'><strong>Kopren</strong></span> <span class='ocrx_word' id='word_1_193' title='bbox 2858 4061 2939 4069; x_wconf 91' lang='lat'><strong>——</strong></span> 
     </span>
     <span class='ocr_line' id='line_1_29' title="bbox 571 4135 1664 4211; baseline 0.006 -6"><span class='ocrx_word' id='word_1_194' title='bbox 571 4135 786 4207; x_wconf 85' lang='lat' dir='ltr'><strong>Stara</strong></span> <span class='ocrx_word' id='word_1_195' title='bbox 841 4138 1141 4209; x_wconf 90' lang='lat' dir='ltr'><strong>Planina</strong></span> <span class='ocrx_word' id='word_1_196' title='bbox 1198 4146 1271 4209; x_wconf 91' lang='lat' dir='ltr'><strong>et</strong></span> <span class='ocrx_word' id='word_1_197' title='bbox 1325 4140 1664 4211; x_wconf 88' lang='lat' dir='ltr'><strong>m.Ri10.</strong></span> 
     </span>
    </p>
   </div>
   <div class='ocr_carea' id='block_1_12' title="bbox 573 4190 2942 4471">
    <p class='ocr_par' dir='ltr' id='par_1_14' title="bbox 573 4190 2942 4471">
     <span class='ocr_line' id='line_1_30' title="bbox 785 4190 2942 4348; baseline 0.002 -20"><span class='ocrx_word' id='word_1_198' title='bbox 785 4255 870 4330; x_wconf 91' lang='lat' dir='ltr'><strong>P.</strong></span> <span class='ocrx_word' id='word_1_199' title='bbox 931 4258 1020 4329; x_wconf 88' lang='lat' dir='ltr'><em>H</em></span> <span class='ocrx_word' id='word_1_200' title='bbox 1027 4259 1482 4348; x_wconf 62' lang='lat' dir='ltr'><strong>aynaldaana</strong></span> <span class='ocrx_word' id='word_1_201' title='bbox 1535 4263 1795 4335; x_wconf 81' lang='lat' dir='ltr'><strong>Janka.</strong></span> <span class='ocrx_word' id='word_1_202' title='bbox 1879 4263 1963 4333; x_wconf 94' lang='lat' dir='ltr'><strong>In</strong></span> <span class='ocrx_word' id='word_1_203' title='bbox 2017 4190 2403 4335; x_wconf 82' lang='lat' dir='ltr'><strong>declivibus</strong></span> <span class='ocrx_word' id='word_1_204' title='bbox 2485 4264 2799 4334; x_wconf 89' lang='lat' dir='ltr'><strong>herbidis</strong></span> <span class='ocrx_word' id='word_1_205' title='bbox 2855 4286 2942 4333; x_wconf 90' lang='lat' dir='ltr'><strong>m·</strong></span> 
     </span>
     <span class='ocr_line' id='line_1_31' title="bbox 573 4376 1821 4471; baseline 0.006 -25"><span class='ocrx_word' id='word_1_206' title='bbox 573 4376 762 4448; x_wconf 89' lang='lat' dir='ltr'><strong>Rilo.</strong></span> <span class='ocrx_word' id='word_1_207' title='bbox 820 4381 1020 4449; x_wconf 92' lang='lat' dir='ltr'><strong>Inter</strong></span> <span class='ocrx_word' id='word_1_208' title='bbox 1075 4379 1489 4471; x_wconf 84' lang='lat' dir='ltr'><strong>Juniperum</strong></span> <span class='ocrx_word' id='word_1_209' title='bbox 1542 4405 1821 4454; x_wconf 86' lang='lat' dir='ltr'><strong>nanam.</strong></span> 
     </span>
    </p>
   </div>
   <div class='ocr_carea' id='block_1_13' title="bbox 580 4518 2953 4711">
    <p class='ocr_par' dir='ltr' id='par_1_15' title="bbox 580 4518 2953 4711">
     <span class='ocr_line' id='line_1_32' title="bbox 790 4518 2953 4613; baseline 0.003 -25"><span class='ocrx_word' id='word_1_210' title='bbox 790 4518 870 4589; x_wconf 90' lang='lat'><strong>1.</strong></span> <span class='ocrx_word' id='word_1_211' title='bbox 945 4522 1368 4592; x_wconf 76' lang='lat' dir='ltr'><strong>micrantha</strong></span> <span class='ocrx_word' id='word_1_212' title='bbox 1440 4523 1645 4594; x_wconf 87' lang='lat' dir='ltr'><strong>Ram.</strong></span> <span class='ocrx_word' id='word_1_213' title='bbox 1731 4525 1815 4593; x_wconf 91' lang='lat' dir='ltr'><strong>In</strong></span> <span class='ocrx_word' id='word_1_214' title='bbox 1872 4525 2143 4595; x_wconf 83' lang='lat' dir='ltr'><strong>saxosis</strong></span> <span class='ocrx_word' id='word_1_215' title='bbox 2201 4523 2667 4613; x_wconf 80' lang='lat' dir='ltr'><strong>sylvestribus</strong></span> <span class='ocrx_word' id='word_1_216' title='bbox 2748 4525 2953 4595; x_wconf 89' lang='lat' dir='ltr'><strong>collis</strong></span> 
     </span>
     <span class='ocr_line' id='line_1_33' title="bbox 580 4622 1094 4711; baseline 0.016 -8"><span class='ocrx_word' id='word_1_217' title='bbox 580 4632 816 4707; x_wconf 72' lang='lat' dir='ltr'><strong>Vrska</strong></span> <span class='ocrx_word' id='word_1_218' title='bbox 873 4622 1094 4711; x_wconf 70' lang='lat' dir='ltr'><strong>Cuka.</strong></span> 
     </span>
    </p>
   </div>
  </div>
 </body>
</html>
