3532 5426
540 567 625 628 34

740 781 850 854 H.
902 778 1296 868 pubescens
1350 783 1453 854 M.
1509 784 1590 856 B.
1649 785 1733 856 In
1774 790 2049 860 saxosis
2096 792 2636 880 scaturiginosis
2660 793 2788 864 sub
2820 808 2908 864 m.

530 902 653 974 Tri
711 885 903 975 Guke
959 926 1038 975 ac
1096 904 1185 975 ad
1238 904 1503 977 rivulos
1556 926 1649 976 m.
1705 905 1896 978 Rilo.
1952 905 2217 981 Fructu
2277 918 2555 982 maturo
2624 913 2909 1003 lectum,

527 1026 944 1117 diacheniiS,
1003 1051 1091 1100 an
1146 1024 1394 1101 senio?
1450 1026 1598 1096 fere
1651 1026 1895 1099 calvis.
1960 1025 2237 1102 Colitur
2288 1035 2363 1103 in
2416 1034 2648 1106 horto.

736 1150 1244 1242 Laserpitium
1299 1145 1785 1216 Prutcm'cum
1840 1147 1921 1218 L.
1999 1149 2082 1219 In
2137 1152 2461 1227 salicetis
2534 1158 2749 1228 medii
2808 1179 2898 1229 m.

528 1272 760 1346 Vitos.

741 1392 1019 1483 Orlaya
1068 1388 1531 1482 yrandzflora
1584 1389 1844 1462 Hoffm.
1927 1394 2011 1464 In
2083 1394 2358 1465 saxosis
2416 1395 2620 1468 collis
2678 1395 2910 1469 Vrska

533 1499 755 1589 Ouka.

741 1638 1033 1707 Daucus
1093 1633 1370 1704 Oarota
1422 1633 1502 1703 L.
1558 1634 1643 1704 In
1697 1636 1930 1723 pratis
1980 1636 2172 1705 circa
2201 1633 2391 1707 Sofia
2428 1641 2502 1705 et
2531 1635 2901 1710 SamokoV.

736 1756 1079 1829 Caucalz‘s
1153 1755 1540 1827 daucoides
1598 1755 1678 1825 L.
1762 1755 1962 1826 Inter
2038 1762 2317 1845 segetes
2390 1757 2581 1825 circa
2639 1758 2907 1850 Adlija.

606 1972 611 1978 Ι
744 1878 1014 1951 Torilis
1066 1876 1515 1948 Anthriscus
1569 1875 1787 1947 Gmel.
1845 1877 1928 1947 In
1980 1876 2280 1947 dumetis
2336 1876 2463 1947 sub
2515 1895 2608 1946 m.
2678 1878 2907 1951 Vitos.

747 2002 830 2074 T.
887 2002 1347 2097 microcarpa
1400 1999 1601 2071 Bess.
1659 1998 1743 2068 In
1800 2001 2076 2070 saxosis
2133 1998 2258 2069 sub
2312 2018 2403 2069 m.
2459 1998 2649 2069 Rilo.

734 2122 1181 2193 Anthriscus
1237 2119 1765 2208 trichospcrma
1836 2117 2102 2190 Schult.
2186 2120 2269 2190 In
2353 2124 2629 2194 saxosis
2702 2124 2907 2195 collis

534 2245 769 2318 Vrska
825 2226 1047 2315 Ouka.

734 2361 1335 2454 Chaerophyllum
1395 2358 1745 2430 temulum
1809 2359 1889 2430 L.
1972 2360 2055 2430 In
2120 2363 2393 2432 saxosis
2476 2369 2550 2433 et
2606 2365 2906 2435 dumetis

543 2509 755 2577 supra
813 2486 1259 2557 coenoebium
1313 2482 1504 2553 Rilo.

748 2609 874 2678 Ch.
933 2604 1291 2677 bulbosum
1351 2603 1430 2673 L.
1485 2602 1571 2671 In
1624 2600 1927 2672 dumetis
1986 2601 2114 2673 sub
2167 2602 2344 2672 cone
2410 2601 2644 2674 vrska
2682 2586 2904 2675 Ouka.

745 2746 873 2818 Gk.
934 2764 1238 2816 aureum
1294 2743 1374 2813 L.
1434 2743 1545 2812 Ad
1598 2742 1954 2831 margines
2017 2740 2369 2830 sylvarum
2423 2763 2513 2813 m.
2575 2741 2906 2833 Tupanac

529 2874 604 2939 et
656 2889 748 2938 m.
807 2867 999 2938 Rilo.

736 2987 865 3060 012.
904 2985 1280 3057 hirsutum
1321 2983 1400 3053 L.
1435 2971 1541 3054 'In
1594 2984 2023 3057 rivularibus
2063 2987 2571 3059 excelsioribus
2608 3009 2698 3056 m.
2738 2987 2903 3058 Rilo

521 3118 595 3183 et
649 3131 740 3180 m.
799 3108 1029 3181 Vitos.

725 3228 1170 3300 Biasolettia
1228 3223 1561 3298 tuberosa
1615 3222 1844 3294 Koch.
1931 3224 2014 3294 In
2069 3227 2352 3313 pascuis
2428 3226 2899 3297 excelsiorbus

528 3352 717 3423 inter
772 3349 1033 3439 Vrazja
1091 3346 1310 3418 Glava
1362 3351 1437 3415 et
1490 3343 1613 3414 Tri
1670 3326 1863 3415 Cuke
1921 3385 2013 3395 —
2073 3342 2286 3414 Stara
2340 3344 2663 3417 Planina.

733 3476 1037 3545 Conium
1094 3469 1546 3543 maculatum
1604 3468 1681 3539 L.
1766 3469 1850 3538 In
1904 3472 2136 3559 pratis
2220 3471 2345 3541 sub
2427 3468 2605 3540 colle
2661 3466 2897 3540 Vrska

528 3581 727 3670 Ouka
783 3606 855 3668 et
910 3597 1140 3669 hortis
1198 3595 1394 3666 circa
1450 3591 1659 3664 Sofia.
2716 3591 2720 3595 ’

730 3721 1329 3811 Physospermum
1389 3714 1983 3806 aquileyif'olium
2023 3716 2249 3789 Koch.
2307 3716 2390 3786 In
2428 3712 2893 3805 sylvestribus

525 3842 651 3912 sub
709 3841 888 3911 cone
945 3838 1181 3912 Vrska
1238 3821 1459 3912 Cuka.

734 3962 1152 4051 Smyrnz'um
1213 3958 1700 4050 perfoliatum
1755 3957 1948 4030 Mill.
2017 3960 2100 4028 In
2154 3959 2616 4049 sylvestribus
2689 3956 2892 4027 collis

520 4082 756 4156 Vrska
809 4064 1029 4155 Cuka.
2543 4167 2547 4172 ἱ

729 4201 1002 4288 Bifora
1054 4202 1366 4275 radians
1422 4199 1584 4272 ΜΒ.
1659 4202 1859 4273 Inter
1915 4209 2186 4292 segetes
2244 4203 2367 4273 sub
2425 4199 2604 4272 colle
2659 4195 2892 4268 Vrska

519 4307 744 4397 Ouka.

1387 4472 1816 4541 Araliaccae
1870 4479 1905 4536 J
1910 4496 2034 4536 uss.

729 4618 1023 4691 Hedera
1078 4618 1325 4691 Helix.
1385 4620 1463 4691 L.
1522 4620 1606 4690 In
1664 4619 2131 4709 sylvestribus
2185 4640 2275 4689 m.
2319 4618 2548 4692 Vitos.
