3532 5426
548 638 622 698 14

1427 839 1856 911 cruciferae
1902 847 2057 905 Juss

754 1037 1232 1112 Nastvrtium
1272 1035 1620 1127 sylvestre
1675 1037 1764 1107 R.
1805 1036 1925 1107 Br.
1984 1038 2093 1107 Ad
2131 1037 2489 1125 margines
2527 1037 2686 1108 viae
2724 1037 2915 1107 inter

548 1163 857 1236 Slivnica
911 1166 985 1230 et
1040 1157 1257 1229 Sosia.

754 1283 853 1357 N.
911 1277 1402 1370 Pyrenaicum
1458 1278 1547 1350 R.
1604 1280 1724 1351 Br.
1809 1281 1891 1350 In
1946 1281 2255 1371 pratulis
2309 1281 2467 1353 udis
2524 1282 2609 1352 ad
2668 1302 2908 1370 supre-

547 1425 731 1475 mum
785 1405 1011 1474 rivum
1064 1401 1273 1473 Iskra
1328 1399 1454 1471 sub
1508 1421 1599 1471 m.
1645 1402 1833 1472 Rilo.
1893 1401 2099 1472 Folia
2153 1401 2490 1473 inferiora
2526 1402 2913 1488 defficiunt,

550 1524 866 1598 siliculae
920 1522 1128 1613 paulo
1182 1522 1535 1612 longiores
1592 1544 1800 1611 quam
1853 1523 1927 1592 111
1984 1529 2195 1612 typ0,
2277 1522 2518 1610 petala
2580 1521 2913 1593 sulfurea.

545 1649 658 1717 An
711 1667 845 1715 non
901 1644 1136 1734 potius
1193 1643 1301 1714 N.
1367 1641 1798 1715 Thracicum
1853 1641 2067 1715 Gris‘l

759 1761 1151 1834 Barbarea
1186 1761 1522 1852 vulyaris
1572 1762 1656 1834 L.
1713 1763 1797 1874 In
1830 1765 2018 1834 arvis
2049 1764 2175 1835 sub
2205 1762 2382 1834 colle
2413 1761 2655 1833 Vrska
2692 1743 2914 1834 Ouka.

757 1902 852 1974 Β.
928 1899 1298 1971 rivularis
1367 1922 1458 1971 m.
1535 1901 1894 1990 Perennis,
1948 1902 2443 1991 glabrescens‚
2498 1901 2738 1972 radice
2791 1901 2914 1971 ho-

553 2025 934 2097 rizontali.
982 2044 1259 2093 ramosa
1344 2024 1429 2094 ad
1511 2023 1764 2093 collum
1848 2025 2248 2094 incrassata
2281 2079 2298 2111 ,
2391 2023 2708 2094 caulibus
2802 2026 2918 2092 sat

551 2146 821 2217 crassis
872 2145 1455 2217 adscendentibus
1534 2146 1892 2236 angulatis
1947 2168 1996 2215 a
2039 2147 2270 2217 medio
2319 2146 2644 2230 ramesia,
2722 2142 2920 2214 foliis

552 2256 988 2338 radic'alibus
1029 2266 1345 2337 cordatis
1384 2267 1682 2355 integris
1741 2274 1863 2337 aut
1903 2268 2221 2357 margine
2276 2264 2756 2355 inaequaliter
2805 2284 2914 2331 re-

549 2387 828 2477 pandis,
913 2385 1213 2458 caulinis
1295 2386 1551 2476 lyratis
1606 2410 1758 2458 eum
1810 2389 1991 2459 lobis
2072 2389 2489 2459 lateralibus
2555 2403 2914 2455 acrescen·

554 2508 771 2595 tibus,
825 2505 1026 2577 finali
1084 2529 1165 2577 ac
1221 2508 1416 2579 foliis
1473 2511 1952 2599 superioribus
2007 2510 2424 2581 flabellatim
2478 2508 2746 2593 incisis,
2802 2503 2908 2572 la-

549 2618 841 2699 laciniis'
918 2628 1403 2718 inaequalibus
1486 2630 1786 2719 obtusis,
1872 2633 2168 2701 racemis
2252 2629 2669 2701 axillaribus
2754 2627 2917 2716 post

548 2748 1059 2819 florescentiam
1116 2747 1669 2840 subfastigiatis,
1727 2753 2136 2842 pedunculis
2174 2753 2409 2842 calyce
2449 2756 2725 2822 arrecto
2764 2747 2914 2817 lon-

546 2870 887 2960 gioribus,
945 2872 1207 2960 sepalis
1264 2871 1582 2962 oblongis
1635 2877 1951 2964 margine
2008 2877 2373 2963 scariosiS,
2429 2873 2691 2965 petalis
2748 2890 2908 2959 spa.-

551 2975 855 3064 thulatis
910 2992 1218 3082 calycem
1253 2994 1365 3065 bis
1419 2994 1674 3085 longiS,
1708 2996 1986 3084 siliquis
2042 2999 2194 3088 (nec
2221 2997 2555 3084 maturis)
2608 3013 2762 3065 cum
2789 3012 2909 3081 pe-

557 3115 856 3186 dunculo
946 3115 1191 3204 patulo
1276 3118 1619 3186 arcuatim
1700 3118 2324 3205 adscendentibus,
2409 3116 2597 3205 stylo
2676 3131 2915 3184 earum

553 3237 937 3306 latitudine
999 3234 1195 3305 2--3
1254 3236 1589 3326 longiore.

759 3357 943 3429 Hab.
1004 3359 1089 3429 ad
1144 3359 1410 3430 rivulos
1468 3358 1744 3447 alpinos
1801 3379 1889 3428 m.
1950 3357 2254 3428 Midior.
2309 3355 2500 3427 Flor.
2555 3354 2771 3428 Julio.

758 3479 1044 3550 Pedalis
1102 3486 1224 3549 aut
1278 3480 1487 3570 paulo
1546 3481 1788 3567 altior,
1844 3480 2030 3550 laete
2084 3479 2361 3566 viridis,
2426 3477 2603 3548 folia
2633 3475 2919 3567 juniora

550 3601 850 3690 sparsim
907 3599 1262 3670 hirsutula
1343 3602 1627 3671 tandem
1679 3600 1903 3671 calva.
1987 3601 2053 3669 A
2108 3600 2448 3689 proximis
2503 3597 2752 3669 itidem
2808 3593 2911 3663 al-

546 3723 759 3813 piniS,
815 3720 908 3790 Β.
964 3722 1241 3791 minore
1293 3727 1366 3792 et
1418 3721 1512 3792 Β.
1554 3720 2072 3811 brachycarpa,
2113 3720 2414 3791 discedit
2468 3718 2665 3789 foliis
2718 3714 2911 3785 radi-

549 3843 819 3916 calibus
880 3843 1156 3931 magnis
1214 3842 1283 3930 3,
1344 3843 1384 3913 5
1444 3835 1581 3933 pol.
1638 3844 1866 3932 longis
1925 3865 2005 3913 ac
2049 3844 2116 3930 2,
2175 3843 2216 3912 5
2274 3840 2472 3927 latis,
2526 3843 2600 3909 et
2638 3840 2919 3908 statura

544 3965 764 4060 multo
818 3964 1200 4054 vegetiore3
1255 3963 1691 4034 differentiae
1747 3971 1982 4035 tamen
2036 3963 2309 4051 plenius
2365 3958 2712 4049 patebunt
2758 3956 2918 4025 dum

550 4092 624 4156 et
681 4086 977 4174 siliquas
1031 4089 1348 4154 maturas
1404 4084 1773 4155 observare
1831 4083 2235 4174 contigerit.

772 4205 1096 4277 Turritis
1148 4202 1419 4295 glabra
1471 4204 1553 4276 L.
1620 4204 1703 4275 In
1758 4207 2058 4276 dumetis
2117 4205 2379 4295 apricis
2419 4200 2623 4272 collis
2676 4196 2917 4270 Vrska

551 4310 772 4400 (luka.

763 4445 1039 4517 Arabis
1074 4442 1508 4517 auriculam
1534 4446 1732 4539 Lam.
1774 4446 1858 4516 In
1890 4448 2158 4536 asperis
2189 4445 2394 4517 collis
2425 4444 2666 4516 Vrska
2696 4423 2917 4513 Ouka.

760 4568 854 4639 A.
912 4567 1203 4639 hirsuta
1253 4564 1458 4657 Scop.
1516 4568 1600 4637 In
1653 4567 2094 4656 rupestribus
2157 4588 2248 4636 m.
2302 4566 2608 4635 Midffior.

757 4694 850 4764 A.
875 4709 1320 4783 procurrens
1359 4686 1475 4758 W.
1514 4688 1607 4759 K.
1663 4690 1746 4758 In
1784 4687 2223 4778 rupestribus
2275 4709 2366 4756 m.
2397 4685 2643 4757 Ravno
2683 4684 2918 4778 Buoje.
