3532 5426
586 615 675 676 42

819 823 1187 918 Echinops
1219 823 1861 921 sphaerocephalus
1917 826 1998 897 L.
2056 826 2136 896 In
2194 830 2468 917 asperis
2530 832 2744 918 Supra
2793 828 2975 901 Dra-

602 972 854 1042 goman
909 950 1169 1039 Bogaz.

805 1071 901 1142 Ε.
963 1070 1431 1140 Βαηηαιὶοαε
1486 1066 1712 1139 Roch.
1769 1068 1854 1139 In
1906 1070 2182 1140 saxosis
2238 1071 2438 1142 collis
2479 1070 2714 1143 Vrska
2754 1054 2974 1144 Ouka.

805 1191 903 1263 E.
959 1188 1524 1281 microcephalus
1579 1189 1812 1261 Sibth.
1896 1191 1980 1261 In
2026 1196 2295 1283 campis
2358 1196 2552 1265 circa
2604 1193 2822 1284 Sofia,
2903 1203 2978 1268 et

607 1314 695 1384 ad
749 1313 1104 1401 margines
1143 1311 1297 1380 viae
1346 1312 1533 1380 inter
1570 1310 1893 1382 Dubnica
1920 1317 1993 1382 et
2031 1313 2257 1382 vicum
2296 1312 2484 1400 Rilo;
2524 1314 2699 1385 mihi
2730 1314 2977 1387 dubius

605 1435 731 1505 sub
803 1433 1077 1503 nomine
1108 1429 1195 1500 E.
1226 1432 1494 1510 dumosi
1523 1451 1613 1500 m.
1649 1433 1734 1502 ad
1770 1434 2033 1505 amicos
2058 1414 2062 1418 ’
2091 1435 2659 1520 communicatus3
2716 1435 2978 1506 colitur

602 1558 676 1626 in
734 1554 942 1625 horto
997 1552 1117 1622 ubi
1172 1551 1445 1640 plenius
1513 1551 2030 1623 observabitur.

811 1672 1140 1746 Girsium
1200 1671 1650 1763 eriophorum
1704 1673 1784 1744 L.
1870 1673 1953 1742 In
2028 1677 2293 1765 campis
2377 1678 2569 1746 circa
2624 1675 2835 1748 Sofia.
2891 1677 2976 1747 In

608 1795 1108 1869 excelsioribus
1148 1794 1433 1882 pascuis
1472 1812 1562 1862 m.
1622 1792 1913 1882 Kopren
1949 1796 2205 1864 crescit
2254 1794 2400 1864 alia
2463 1789 2716 1883 planta
2748 1795 2972 1867 multo

603 1917 1002 2007 depressior
1053 1914 1441 2000 robustior,
1505 1912 1843 2002 capitulis
1928 1915 2392 1986 crassioribus
2451 1936 2531 1985 ac
2591 1919 2973 2003 squammis

606 2039 1091 2128 capitutorum
1145 2035 1461 2106 dentatis
1516 2054 1692 2123 quae
1724 2056 1808 2103 an
1839 2055 1974 2103 non
2012 2031 2086 2104 C.
2120 2034 2685 2123 odontolepidem
2744 2036 2980 2109 Boiss.

603 2160 845 2243 sistat,
902 2157 986 2227 ob
1043 2155 1392 2226 defectum
1428 2154 1631 2246 hujus
1686 2155 1978 2247 plantae
2032 2156 2303 2227 edicere
2357 2178 2494 2227 non
2552 2159 2802 2253 ausim.

810 2277 889 2347 Ο.
922 2273 1482 2347 heterotrichum
1513 2297 1670 2346 nov,
1713 2296 1900 2364 spec.
1954 2275 2287 2361 Perenne,
2344 2277 2734 2347 rhizomate
2765 2298 2970 2366 prae-

600 2418 831 2469 morso
888 2420 924 2468 e
961 2397 1142 2468 collo
1173 2397 1543 2467 emittente
1581 2395 1799 2466 fibras
1856 2395 2256 2467 fusiformes
2286 2395 2735 2467 filiformibus
2791 2400 2970 2468 mix-

602 2525 746 2607 tas,
805 2519 1001 2590 caule
1073 2524 1305 2589 erecto
1372 2539 1714 2588 araneoso
1774 2518 2083 2607 simplici
2143 2524 2265 2588 aut
2340 2519 2539 2607 apice
2598 2518 2795 2590 3-5
2853 2542 2964 2591 ce-

600 2639 838 2730 phalo,
895 2638 1092 2710 foliis
1148 2618 1474 2709 indivisis
1533 2639 1812 2709 sinuato
1860 2640 2201 2726 dentatiS,
2257 2639 2687 2710 radicalibus
2743 2642 2972 2731 petio-

486 2757 503 2772 “
598 2761 780 2858 latis
836 2760 1274 2845 lanceolatis,
1333 2760 1632 2830 caulinis
1689 2753 2057 2831 sessilibus
2113 2762 2429 2850 margine
2483 2762 2800 2833 breviter
2852 2763 2973 2833 de·

606 2882 1049 2952 currentibus
1082 2875 1286 2971 longe
1320 2883 1741 2952 acuminatis
1775 2883 2117 2971 supremis
2149 2881 2536 2953 linearibus
2567 2885 2852 2954 tandem
2904 2884 2979 2952 in

607 3023 1003 3092 squammas
1061 3004 1378 3092 capitula
1433 3002 1822 3073 fulcrantes
1889 3005 2309 3090 contractis,
2351 3004 2665 3093 capitulo
2723 3003 2968 3075 termi-

605 3123 755 3195 nali
813 3130 1022 3194 ovato
1079 3123 1417 3200 solitario.
1467 3130 1588 3194 aut
1621 3124 1817 3193 3—5
1852 3124 1925 3192 in
1966 3122 2190 3194 caulis
2224 3124 2423 3213 apice
2454 3123 2817 3195 sessilibus
2857 3130 2979 3195 aut

603 3242 1118 3333 pedunculatis,
1186 3232 1458 3333 singulo
1515 3243 1807 3315 bractea
1858 3243 2247 3332 capitulum
2284 3244 2553 3332 passim
2594 3250 2973 3333 superante

607 3367 906 3455 stipat0‚
964 3365 1310 3459 involucri
1366 3364 1655 3436 floccosi
1716 3366 2096 3454 squammis
2151 3365 2537 3436 linearibus
2591 3365 2970 3436 exteriori·

601 3484 728 3554 bus
785 3484 1003 3556 fuscis
1061 3482 1517 3556 interioribus
1573 3487 1845 3556 rubidis
1914 3487 2360 3572 acuminatis,
2436 3485 2753 3556 omnibus
2818 3485 2969 3573 spi-

599 3604 766 3675 nula
820 3612 1104 3695 patente
1161 3609 1588 3693 terminatis,
1670 3607 1971 3678 floribus
2048 3606 2441 3696 purpureiS,
2501 3607 2808 3677 acheniis
2864 3604 2972 3676 al-

601 3724 788 3796 bidis
840 3730 1256 3816 compressis
1314 3729 1934 3816 longitudinaliter
1990 3729 2299 3800 striatis.
2500 3707 2503 3712 ’

805 3845 990 3917 Hab.
1049 3849 1121 3917 in
1175 3848 1601 3932 rivularibus
1660 3870 1736 3918 ac
1795 3849 2192 3938 spongiosis
2249 3868 2339 3917 m.
2397 3849 2518 3918 Tri
2578 3830 2798 3936 C'uke,
2877 3868 2971 3919 m.

609 3967 923 4057 Kopren,
979 3990 1069 4038 m.
1128 3967 1337 4040 Vitos
1392 3975 1464 4038 et
1518 3990 1608 4038 m.
1668 3968 1860 4040 Rilo.

547 4093 549 4095 ’
811 4088 954 4161 Uni
1011 4131 1103 4139 ——
1162 4089 1510 4178 bipedale,
1567 4110 1956 4179 perennans
2016 4091 2306 4179 gemmis
2349 4109 2526 4177 quae
2568 4095 2896 4158 autumno
2935 4109 2975 4156 e

600 4209 779 4280 collo
832 4212 1094 4281 radicis
1150 4203 1496 4300 prodeunt
1554 4233 1631 4281 ac
1683 4233 1846 4282 vere
1903 4213 1975 4282 in
2014 4210 2288 4282 rosulas
2345 4232 2381 4280 e
2420 4211 2646 4280 medio
2705 4210 2977 4280 caulem

599 4331 1092 4419 protrudentes
1122 4331 1591 4420 explicantur.
1647 4334 2131 4403 Indumentum
2174 4332 2467 4418 varium,
2499 4331 2704 4401 flocci
2748 4329 2971 4401 albidi

596 4453 672 4522 in
708 4454 968 4542 pagina
1021 4451 1351 4522 foliorum
1406 4442 1762 4539 inferiore,
1819 4453 2042 4522 caulis
2081 4453 2275 4540 apice
2331 4468 2412 4522 ac
2452 4450 2807 4521 anthodiis
2848 4470 2969 4519 co-

592 4575 960 4663 piosioreS,
992 4573 1125 4662 pili
1154 4571 1407 4643 flavidi
1441 4573 1807 4688 articulati
1838 4574 1912 4642 in
1950 4572 2146 4643 caule
2179 4594 2254 4641 ac
2292 4578 2592 4661 utraque
2631 4569 2966 4641 foliorum
