3532 5426
2953 596 3038 659 51.

857 794 946 867 G.
986 794 1406 886 obtusifolia
1446 796 1560 870 W.
1617 800 1701 870 In
1753 802 2179 890 graminosis
2234 801 2655 875 elatioribus
2712 826 2802 876 m.
2860 804 3028 876 Rilo

648 928 724 992 et
777 943 868 993 m.
926 920 1234 994 Streser.
1293 923 1800 1014 Temperatura
1857 927 2021 996 anni
2076 927 2286 997 nimis
2340 925 2618 997 fervida
2672 926 3025 998 interdum

645 1042 1102 1146 defformatur
1140 1064 1222 1113 ac
1263 1048 1410 1113 tum
1447 1044 1727 1133 calyces
1778 1047 2049 1135 crispos
2086 1046 2396 1135 exhibet,
2450 1068 2579 1118 nec
2635 1052 2872 1119 tamen
2912 1052 3025 1117 est

655 1159 733 1233 G.
777 1164 1017 1252 crispa
1057 1164 1214 1236 Vis.
1250 1186 1425 1254 quae
1480 1166 1654 1236 mihi
1712 1186 1749 1235 e
1808 1164 1993 1237 Grna
2049 1164 2234 1237 Gora
2287 1172 2482 1238 nota.
2541 1164 2647 1238 Ob
2700 1166 3029 1257 capsulas

649 1283 855 1375 longe
915 1288 1292 1376 stipitatas
1374 1289 1500 1359 sub
1572 1290 1838 1359 nomini
1910 1285 1990 1359 G.
2047 1288 2452 1359 Amarellae
2511 1289 2754 1358 amicis
2837 1307 3024 1358 com-

649 1408 1031 1478 municata.

852 1527 1279 1614 Erythraea
1336 1526 1829 1600 Centaurium
1867 1526 2061 1598 Pers.
2121 1527 2205 1597 In
2243 1527 2516 1615 campis
2570 1544 2791 1614 prope
2831 1522 3020 1594 Sofia

646 1666 889 1718 versus
942 1650 1167 1718 rivum
1221 1648 1453 1720 Iskra.
2435 1726 2444 1743 „

858 1766 948 1837 E.
991 1766 1379 1860 pulchella
1432 1766 1552 1838 Fr.
1610 1768 1694 1839 In
1746 1767 2174 1839 rivularibus
2232 1788 2447 1856 supra
2483 1764 2815 1838 Slivnica.

1419 1984 1999 2068 Cyrtandraceae
2041 1990 2170 2049 DC.

854 2129 1272 2200 Haberlaea
1317 2126 1817 2232 *Rhodopensis
1875 2128 2068 2199 Friv.
2143 2130 2227 2200 In
2281 2129 2726 2219 rupestribus
2801 2131 3016 2200 mico-

650 2252 1030 2322 shistaceis
1075 2232 1300 2355 Sipka
1339 2250 1615 2320 Balkan
1654 2250 1845 2321 lecta
1884 2272 1968 2322 ac
2010 2252 2523 2322 communicata
2564 2271 2605 2318 a
2661 2252 2853 2321 socio
2892 2272 3014 2320 ex-

651 2373 996 2443 cursionis
1055 2371 1143 2441 ad
1197 2392 1287 2441 m.
1350 2369 1565 2440 Vitos
1647 2368 1955 2460 Geologo
2017 2370 2173 2440 Dno
2231 2366 2309 2440 G.
2366 2370 2773 2459 Zlatarsky.

1413 2587 2033 2657 Convolvulaceae
2086 2596 2122 2653 J
2128 2612 2246 2654 uss,

856 2734 1326 2807 Gonvolvulus
1380 2735 1660 2827 sepium
1712 2737 1796 2807 L.
1852 2739 1937 2808 In
1992 2739 2205 2810 fossis
2266 2712 2352 2809 ad
2410 2736 2778 2809 SamokOV.

858 2857 937 2928 G.
1015 2857 1342 2928 arvcnsz's
1412 2857 1494 2928 L.
1578 2857 1692 2930 Ad
1763 2862 2117 2950 margines
2192 2880 2516 2949 agrorum
2584 2861 2708 2931 sub
2777 2859 3019 2932 Vrska

647 2964 872 3068 Ouka,
929 2975 1122 3052 circa
1178 2979 1386 3052 Sofia.

858 3101 931 3172 G.
1012 3099 1458 3173 Cantabrica
1529 3102 1611 3172 L.
1696 3103 1779 3172 In
1862 3104 2141 3174 saxosis
2224 3104 2492 3192 apricis
2565 3124 2656 3173 m.
2734 3101 3020 3176 Golema

646 3221 915 3295 Glama.

847 3347 1167 3415 Cuscuta
1205 3343 1676 3433 Ffflithymum
1724 3343 1808 3413 L.
1867 3344 1951 3413 In
2006 3343 2317 3414 herbidis
2358 3343 2884 3416 demissioribus
2922 3365 3014 3414 m.
3068 3434 3075 3442 ἢ

646 3464 833 3552 Rilo,
891 3486 1103 3553 supra
1156 3463 1563 3536 Scabiosam
1617 3463 2154 3537 triniaefoliam.

1466 3684 1925 3766 Boraginfiae
1981 3691 2172 3748 Desv.

801 3907 812 3921 ‚
851 3826 941 3898 H
947 3825 1402 3917 eliotropium
1441 3825 1926 3918 Europaeum.
1986 3830 2097 3899 Ad
2146 3831 2334 3900 viani
2387 3831 2576 3900 inter
2613 3831 3019 3920 Dragoman

643 3950 880 4041 Bogaz
937 3955 1011 4018 et
1066 3946 1398 4019 Slivnica.

706 4087 717 4097 ⁴
849 4072 933 4142 H
940 4125 955 4139 .
996 4070 1410 4141 suaveolens
1439 4069 1681 4142 Boz‘ss.
1738 4073 1823 4142 In
1879 4073 2068 4143 arvis
2126 4071 2252 4143 sub
2306 4074 2461 4143 vico
2517 4072 2707 4143 Rilo.
2765 4072 3014 4146 Flores

645 4202 760 4265 sat
815 4194 1137 4283 energice
1194 4214 1274 4263 ac
1333 4212 1615 4264 amoene
1675 4193 1892 4264 olent.

852 4314 1487 4404 Echinospermum
1545 4311 1889 4403 Lappula
1942 4312 2025 4383 L.
2083 4314 2165 4383 In
2222 4313 2492 4402 asperis
2558 4331 2772 4401 supra
2829 4313 3014 4383 Dra-

644 4456 897 4525 goman
951 4434 1209 4524 BogaZ.

849 4555 1202 4628 Anchusa
1255 4554 1529 4627 Italica
1568 4554 1774 4625 Retz.
1832 4555 2030 4625 Inter
2068 4561 2343 4644 segetes
2400 4555 2523 4626 sub
2565 4554 2743 4626 colle
2784 4553 3019 4628 Vrska

646 4660 868 4749 Ouka.

2775 4789 2843 4844 4*
