3532 5426
3021 584 3097 645 35

1669 788 1989 858 Gorneae
2032 796 2161 856 DC.

941 953 1219 1025 Cornus
1273 975 1428 1027 mas
1481 955 1562 1027 L.
1622 955 1705 1027 In
1759 956 2062 1026 dumetis
2121 954 2251 1026 sub
2305 975 2396 1023 m.
2454 951 2686 1023 Vites.

941 1074 1019 1146 G.
1076 1077 1499 1166 sanquinea
1555 1076 1633 1147 L.
1691 1077 1775 1147 In
1832 1077 2065 1166 pratis
2123 1076 2208 1146 ad
2266 1073 2633 1146 Samokov.

1518 1292 1848 1377 Caprifol
1863 1295 2103 1362 iaceas
2152 1301 2188 1359 J
2192 1317 2310 1358 uss.

936 1455 1342 1530 Sambucus
1381 1456 1667 1530 Ebulus
1705 1458 1789 1529 L.
1846 1458 1930 1528 In
1965 1459 2233 1548 campis
2256 1460 2447 1528 circa
2485 1455 2696 1542 Sofia,
2735 1455 3098 1527 Radomir.

933 1596 1005 1670 S.
1061 1597 1283 1687 niqra
1337 1599 1418 1670 L.
1475 1599 1559 1668 In
1614 1599 1916 1669 dumetis
1967 1597 2094 1668 sub
2146 1616 2237 1667 m.
2306 1593 2540 1683 Vites,
2622 1596 2697 1664 in
2758 1593 2941 1664 valle
2996 1595 3096 1664 ri-

727 1719 797 1788 vi
851 1717 1040 1790 Rilo.

938 1839 1011 1910 S.
1068 1860 1436 1912 racemosa
1490 1839 1572 1912 L.
1627 1840 1830 1910 Inter
1861 1839 2111 1910 Pinum
2142 1839 2580 1926 Lariconem,
2612 1837 2691 1908 P.
2747 1836 2970 1908 Peuce
3027 1843 3102 1906 et

731 1956 998 2029 Rosam
1051 1959 1331 2030 mollem
1387 1961 1461 2031 in
1513 1961 1721 2046 valle,
1780 1982 1916 2049 qua
1971 1961 2120 2031 itur
2155 1960 2555 2030 acoenobio
2611 1958 2778 2028 Rilo
2833 1958 2921 2029 ad
2978 1956 3103 2029 Sa-

724 2078 998 2169 mokov.

948 2196 1345 2270 Viburnum
1390 2199 1751 2272 Lantana
1788 2200 1869 2272 L.
1927 2201 2011 2271 In
2049 2203 2324 2272 saxosis
2364 2200 2568 2272 collis
2608 2199 2838 2273 Vrska
2877 2183 3099 2273 (luka.

933 2336 1288 2407 Lonicera
1346 2336 1842 2428 Caprifolium
1883 2339 1961 2410 L.
2019 2339 2100 2409 In
2160 2339 2627 2428 sylvestribus
2668 2339 2792 2410 sub
2829 2360 2920 2408 m.
2963 2338 3096 2411 Vr-

731 2455 860 2526 ska
919 2438 1142 2528 Ouka.

938 2578 1015 2647 L.
1076 2576 1502 2668 Xylostewm
1556 2576 1637 2648 L.
1695 2578 1780 2649 In
1837 2580 2306 2670 sylvestribus
2360 2600 2461 2649 m.⁴
2510 2576 2741 2651 Vites.

937 2697 1028 2770 L.
1084 2699 1310 2789 niqra
1365 2700 1442 2772 L.
1502 2700 1586 2771 In
1641 2700 2105 2791 sylvestribus
2160 2704 2372 2774 medii
2426 2725 2519 2774 m.
2576 2702 2769 2774 Rilo.

1681 2917 2041 2989 stellatae
2085 2929 2153 2986 L.
2179 2979 2182 2984 .

941 3079 1354 3153 Sherardia
1411 3086 1763 3156 arvensis.
1824 3086 1906 3155 In
1947 3086 2159 3157 cultis
2230 3087 2354 3158 sub
2398 3086 2573 3157 colle
2617 3084 2843 3158 Vrska
2882 3069 3104 3157 Ouka..

938 3199 1314 3294 Asperula
1375 3203 1719 3276 Taurina
1773 3206 1855 3277 L.
1945 3207 2026 3275 In
2084 3206 2548 3294 sylvestribus
2633 3207 2756 3276 sub
2819 3225 2908 3274 m.
2971 3203 3102 3276 Vr-

726 3322 863 3426 ska
916 3303 1138 3394 euka.
1600 3330 1604 3333 ⁴

940 3446 1034 3514 A.
1091 3445 1539 3533 cynanchica
1577 3446 1655 3516 L.
1713 3445 1797 3515 In
1839 3446 2112 3532 asperis
2154 3465 2366 3534 supra
2404 3445 2808 3536 Dragoman
2844 3446 3103 3536 BogaZ.

935 3562 1028 3634 A.
1086 3565 1386 3635 odorata
1438 3563 1522 3635 L.
1579 3565 1662 3635 In
1718 3564 2091 3653 sylvaticis
2166 3565 2291 3635 sub
2345 3586 2436 3635 m.
2493 3564 2740 3637 Vrska
2777 3550 2997 3638 Ouka.

933 3684 1028 3755 Α.
1085 3684 1450 3773 yalioides
1503 3684 1608 3756 M.
1664 3684 1747 3754 B.
1831 3684 1915 3754 In
1994 3685 2384 3758 declivibus
2471 3688 2735 3776 apricis
2816 3709 2906 3760 m.
2966 3688 3099 3761 Vr-

731 3807 863 3876 ska
917 3788 1138 3878 (juka.

734 4014 887 4104 Cuk
941 3927 1415 4001 Crucianella
1474 3928 1978 4019 anqustif'olia
2031 3927 2114 3999 L.
2171 3929 2253 3999 In
2310 3930 2613 4001 dumetis
2689 3931 2815 4002 sub
2874 3931 3107 4004 Vrska

893 4054 955 4103 a.

941 4151 1245 4223 Gadium
1307 4152 1659 4225 Cruciata
1714 4153 1919 4245 Scep.
2003 4157 2087 4227 In
2141 4157 2371 4245 pratis
2454 4155 2919 4243 sylvestribus
2978 4130 3104 4228 sub

728 4292 821 4342 m.
878 4271 1106 4345 Vites.

944 4393 1033 4465 G.
1096 4394 1722 4466 Pedemontanum
1777 4396 1923 4466 All.
1981 4395 2065 4465 In
2120 4397 2395 4467 saxosis
2448 4416 2539 4466 m.
2611 4394 2843 4467 Vrska
2882 4378 3103 4468 Ouka.

941 4514 1030 4587 G.
1086 4514 1426 4607 Aparine
1481 4517 1562 4587 L.
1631 4514 1745 4588 Ad
1783 4537 1986 4606 sepes
2043 4519 2234 4587 inter
2273 4514 2617 4587 Garibrod
2657 4522 2730 4587 et
2768 4515 3105 4591 Slivnica.

940 4635 1028 4708 G.
1088 4637 1524 4710 Parisiense
1552 4637 1633 4709 L.
1691 4639 1774 4709 In
1841 4639 2113 4728 asperis
2162 4639 2352 4708 inter
2414 4636 2612 4730 Balej
2673 4643 2745 4708 et
2774 4636 3103 4729 Vladaja.

2936 4771 3002 4823 3..
