3532 5426
535 581 612 642 48

1325 785 1937 870 Campanulaceae
1984 794 2145 852 JUSS.

744 949 1057 1024 ,sasione
1111 926 1404 1022 Jankize
1462 951 1692 1024 Neilr.
1777 953 1861 1024 In
1918 953 2187 1041 asperis
2245 972 2322 1020 ac
2394 950 2740 1040 glareosis
2820 971 2909 1020 m.

537 1072 820 1146 Streser
875 1077 948 1143 et
1001 1094 1092 1142 m.
1150 1072 1437 1143 Bukova
1496 1070 1738 1144 Glava.

747 1192 821 1263 S.
878 1194 1146 1283 supina
1226 1192 1414 1264 Sieb.
1469 1216 1619 1264 var.
1702 1194 1788 1265 In
1840 1193 2157 1264 herbidis
2240 1191 2747 1263 excelsioribus
2818 1193 2909 1262 m.

542 1312 736 1385 Rilo.
795 1313 1206 1403 Simplicior
1262 1336 1344 1385 ac
1400 1320 1639 1405 typus,
1724 1315 1816 1389 oh
1867 1313 2133 1386 caulem
2213 1313 2567 1384 interdum
2633 1311 2907 1401 simpli-

533 1454 681 1506 cem
736 1422 1064 1505 strictum
1116 1435 1447 1524 primitus
1485 1457 1613 1525 pro
1651 1437 1884 1525 specie
1920 1436 2417 1525 Phyteumatis
2471 1434 2749 1516 habita,
2790 1433 2912 1530 sed

532 1555 619 1626 ob
675 1556 1017 1643 stigmata
1047 1557 1448 1630 incrassata
1477 1579 1644 1628 vera
1676 1556 1997 1643 dasione3
2058 1556 2146 1627 ab
2184 1577 2265 1627 ea
2304 1577 2482 1646 quae
2520 1557 2594 1626 in
2624 1555 2911 1628 Serbiae

434 1687 437 1690 “
537 1676 1023 1747 meridionalis
1076 1697 1167 1747 m.
1250 1674 1634 1767 Kopaonik
1691 1678 1963 1750 abunde
2044 1679 2305 1750 crescit
2378 1677 2466 1749 ob
2547 1676 2917 1748 deffectum

540 1795 976 1868 surculorum
1029 1797 1378 1868 sterilium
1431 1799 1657 1887 primo
1713 1798 1965 1869 obtutu
2019 1796 2224 1867 valde
2282 1796 2516 1867 aliena
2554 1796 2732 1866 visa.
2790 1793 2910 1866 sed

538 1916 1059 2006 exemplaribus
1091 1938 1265 2007 quae
1320 1919 1403 1988 de
1457 1938 1548 1988 m.
1607 1917 1851 1989 Vlasic
1878 1917 2180 1989 Bosniae
2237 1938 2275 1987 e
2304 1937 2512 1986 manu
2566 1914 2906 1986 Moellen-

542 2037 707 2108 dorf
758 2058 1087 2127 comparo
1143 2044 1433 2109 exstant
1491 2039 1864 2110 transitus.

745 2172 1359 2265 Symphysandra
1403 2172 1761 2247 Wamzcri
1790 2172 2017 2246 Roch.
2075 2174 2157 2243 In
2194 2174 2638 2264 rupestribus
2666 2173 2908 2262 grani-

534 2295 726 2382 ticis,
788 2294 1210 2367 schistaceis
1251 2317 1329 2365 ac
1388 2296 1748 2367 arenaceis
1805 2296 1880 2364 in
1935 2300 2092 2365 toto
2148 2299 2392 2365 tractu
2454 2291 2713 2380 „Stara
2752 2290 2906 2363 Sla-

534 2414 743 2484 nina“
797 2417 983 2486 am.
1041 2414 1290 2486 Ravno
1344 2414 1557 2505 Bucje
1615 2414 1703 2485 ad
1755 2435 1848 2485 m.
1904 2412 2216 2503 Kopren.

746 2553 1215 2647 Campanum
1268 2552 1538 2624 lanata
1590 2551 1786 2623 Friv.
1873 2552 1958 2623 In
2010 2551 2453 2641 rupestribus
2533 2552 2911 2642 graniticis

532 2694 623 2744 m.
663 2672 856 2747 Rilo.
919 2673 1162 2745 Flores
1216 2693 1525 2745 meorum
1580 2675 2039 2764 speciminum
2097 2673 2283 2746 albi!

747 2812 826 2883 0.
878 2809 1207 2884 'Sibirica
1259 2812 1340 2884 L.
1396 2812 1479 2883 In
1537 2813 1809 2901 asperis
1848 2832 2063 2903 supra
2101 2814 2509 2903 Dragoman
2546 2812 2805 2901 BogaZ.

759 2949 837 3020 0.
893 2946 1230 3020 Orbelica
1281 2969 1443 3019 nov;
1495 2969 1681 3037 spec.
1744 2946 2077 3020 Gaulibus
2150 2969 2187 3017 e
2242 2949 2635 3020 rhizomate
2690 2947 2907 3018 verti-

537 3070 679 3141 cali
712 3069 1298 3141 adscendentibus
1329 3068 1818 3157 subunifloris,
1849 3068 2046 3143 foliis
2074 3069 2509 3141 radicalibus
2543 3048 2909 3160 spathula-

536 3192 636 3261 tis
690 3191 1006 3280 margine
1061 3191 1402 3275 *crenatis,
1486 3189 1787 3261 caulinis
1869 3189 2256 3260 linearibus
2330 3189 2631 3279 integris
2690 3193 2812 3258 aut
2869 3207 2911 3255 a

535 3310 766 3381 medio
822 3315 1110 3382 erenato
1167 3310 1512 3398 dentatiS,
1571 3309 1839 3399 calycis
1893 3309 2178 3382 laciniis
2217 3307 2625 3381 lanceolato
2679 3309 2903 3379 linea·

533 3421 729 3502 ribus
785 3428 1122 3500 corollam
1173 3429 1475 3499 mediam
1511 3429 2033 3518 superantibus,
2093 3431 2545 3520 apendicibus
2583 3432 2904 3520 triangu-

536 3550 804 3622 laribus
860 3550 1103 3620 tubum
1156 3571 1403 3640 parum
1439 3551 1959 3639 excedentibus,
2019 3551 2325 3622 corollae
2363 3552 2677 3622 breviter
2715 3569 2903 3621 cam·
2932 3534 2957 3553 ⁸

537 3673 920 3763 panulatae
972 3672 1330 3743 violaceae
1383 3678 1588 3743 extus
1642 3670 1934 3761 glabrae
1989 3672 2317 3743 dentibus
2375 3671 2523 3742 late
2578 3672 2900 3768 triangu-

535 3794 629 3864 lis
668 3795 871 3883 apice
909 3792 1352 3881 barbellatis,
1394 3794 1771 3865 seminibus
1810 3791 2135 3882 oblongis
2176 3792 2647 3882 complanatis
2711 3812 2899 3861 mar-

532 3915 826 4004 ginatis.

736 4033 924 4106 Hab.
1010 4034 1098 4104 ad
1152 4040 1419 4105 terram
1496 4037 1751 4106 nudam
1830 4036 1906 4107 in
1971 4036 2475 4108 excelsioribus
2555 4057 2646 4107 m.
2706 4036 2900 4108 Rilo.

534 4154 729 4226 Flor.
787 4157 969 4244 Aug.

738 4275 1184 4347 Rhizomatis
1241 4282 1355 4347 sat
1408 4280 1631 4349 crassi
1673 4277 1854 4349 collo
1885 4277 2081 4349 foliis
2134 4278 2579 4349 emmarcidis
2620 4296 2897 4366 squam-

543 4401 764 4482 mat0,
819 4395 1052 4466 caules
1108 4396 1445 4486 digitales
1503 4406 1625 4468 aut
1679 4397 2030 4487 palmares
2090 4398 2295 4490 (talis
2332 4418 2505 4468 unus
2560 4378 2748 4468 inter
2805 4395 2901 4467 20

537 4514 872 4587 collectos
965 4514 1331 4606 5-florus),
1433 4516 1768 4588 laterales
1856 4518 2359 4589 adscendentes
2452 4537 2606 4588 cum
2685 4516 2896 4587 flori-

534 4637 660 4707 bus
696 4635 1140 4723 nutantibus,
1198 4635 1505 4707 corallae
1548 4637 1745 4707 5-7
1805 4638 1929 4708 lin.
1970 4628 2216 4727 longae
2253 4638 2480 4708 medio
2531 4635 2578 4707 4
2609 4680 2636 4686 ·
2688 4636 2728 4706 5
2770 4636 2897 4709 lin.
