3532 5426
708 794 1151 885 Ayrimonia
1208 793 1622 886 Eupatoria
1658 796 1740 867 L.
1800 797 1882 865 In
1927 796 2242 869 herbidis
2272 799 2481 869 medii
2513 819 2603 867 m.
2644 795 2878 871 Vitos.

710 929 907 1002 Rosa
947 928 1559 1022 pimpinellif'olia
1619 928 1764 1000 DC.
1850 932 1933 1000 In
2000 932 2274 1002 saxosis
2350 933 2616 1020 apricis
2673 931 2877 1001 collis

498 1054 736 1127 Vrska
792 1036 1013 1126 Ouka.
1821 1036 1826 1041 ’

707 1172 798 1261 R.
856 1174 1136 1263 Alpina
1189 1173 1272 1243 L.
1329 1173 1414 1243 In
1469 1173 1739 1242 saxosis
1795 1172 2297 1243 excelsioribus
2353 1191 2442 1239 m.
2503 1169 2626 1240 Tri
2684 1154 2880 1243 Cuke

506 1318 597 1368 m.
657 1295 870 1368 Vitos
926 1301 1000 1365 et
1053 1315 1143 1365 m.
1203 1294 1393 1364 Rilo.

712 1416 802 1486 R.
858 1417 1133 1487 canina
1184 1414 1267 1485 L.
1341 1414 1423 1484 In
1479 1414 1783 1484 dumetis
1837 1414 2049 1483 medii
2103 1434 2193 1482 m.
2253 1414 2548 1484 Streser.

710 1551 803 1624 R.
861 1553 1313 1624 dumetorum
1361 1553 1591 1623 Thuil.
1649 1555 1734 1623 In
1772 1554 2073 1624 dumetis
2117 1552 2514 1623 altioribus,
2554 1574 2644 1623 m.
2685 1552 2876 1622 Rilo.

710 1690 779 1761 R
836 1698 1253 1764 tomentosa.
1313 1691 1450 1762 Sm.
1510 1694 1592 1762 In
1627 1695 2091 1782 rupestribus
2149 1695 2275 1764 sub
2330 1714 2420 1763 m.
2478 1692 2602 1763 Tri
2660 1676 2878 1764 Ouke.

710 1829 801 1901 R.
833 1829 1063 1902 mollis
1119 1831 1257 1902 Sm.
1316 1833 1399 1903 In
1453 1833 1636 1903 valle
1693 1855 1829 1922 qua
1884 1837 2030 1905 itur
2087 1858 2127 1903 a
2166 1857 2357 1905 coen.
2399 1834 2564 1906 Rilo
2606 1832 2691 1901 ad
2747 1829 2874 1900 Sa-

501 1953 776 2022 mokov.
851 1951 1156 2029 ,Florens
1226 1954 1444 2043 (prob.
1520 1956 1850 2045 secundo)
1906 1954 2122 2042 lecta,
2194 1954 2398 2025 flores
2471 1959 2585 2023 sat
2648 1951 2880 2040 parvi,

501 2072 746 2164 petala
801 2075 1076 2162 ciliata,
1133 2076 1405 2147 fructus
1437 2076 1731 2148 aciculis
1791 2078 2058 2148 crebris
2098 2077 2327 2164 longis
2382 2073 2717 2165 glandula
2754 2071 2875 2141 de-

498 2221 746 2289 pressa
782 2200 1187 2269 terminatis
1244 2198 1462 2269 obsiti
1515 2204 1954 2269 maturantes
2010 2197 2431 2268 fuscescunt.

1303 2411 1849 2496 Sanguiorbeae
1896 2419 2100 2482 Lindl.

707 2574 1143 2648 Alchemilla
1199 2574 1537 2667 vulyaris
1592 2575 1674 2646 L.
1733 2575 1817 2645 In
1870 2575 2185 2646 herbidis
2240 2596 2329 2643 m.
2389 2573 2512 2643 Tri
2571 2528 2763 2644 Cuke
2801 2579 2875 2643 et

497 2718 588 2767 m.
647 2695 958 2786 Kopren.
1784 2708 1802 2766 .'

706 2815 1201 2907 Sanquisorba
1252 2815 1651 2908 officinalis
1704 2817 1790 2888 L.
1846 2817 1931 2887 In
1985 2817 2382 2906 spongiosis
2412 2837 2502 2885 m.
2565 2814 2795 2886 Vitos.

498 3061 555 3150 C
703 2955 1083 3027 Potor-ium
1139 2954 1629 3047 Sanquisorba
1679 2956 1761 3026 L.
1844 2957 1929 3026 In
2002 2958 2233 3046 pratis
2291 2956 2417 3027 sub
2491 2977 2580 3026 m.
2641 2953 2875 3026 Vrska

560 3079 721 3150 uka.

1356 3244 1753 3314 Pomaceae
1802 3251 2008 3312 Lindl.

713 3405 1133 3495 Grataeyus
1189 3427 1584 3495 monoyyna
1637 3406 1841 3495 Jacq.
1925 3407 2008 3475 In
2063 3407 2362 3476 dumetis
2418 3406 2544 3476 sub
2598 3425 2689 3475 m.
2749 3403 2871 3477 Vi-

496 3527 615 3597 tos
670 3532 744 3596 et
806 3548 895 3597 m.
953 3527 1142 3598 Rilo.

496 3749 558 3819 Β
607 3751 665 3819 ὁ.
704 3647 1160 3718 Cotoneaster
1239 3645 1574 3735 vulyarz's
1653 3647 1891 3718 Lindl.
1976 3648 2060 3716 In
2121 3648 2407 3717 saxosis
2474 3667 2564 3715 m.
2624 3645 2867 3716 Ravno

559 3771 605 3819 u
637 3771 735 3841 Je.

715 3869 789 3941 Ο.
826 3876 1219 3941 tomentosa
1254 3870 1490 3941 Lindl.
1548 3872 1633 3941 In
1662 3872 2104 3960 rupestribus
2137 3871 2339 3941 collis
2372 3868 2608 3941 Vrska
2647 3852 2867 3942 Cuka.

647 4050 650 4053 ·
707 4012 928 4084 Pirus
985 4012 1376 4082 commu-nis
1431 4011 1515 4082 L.
1600 4011 1682 4081 In
1765 4012 2067 4082 dumetis
2151 4011 2277 4082 sub
2359 4032 2448 4081 m.
2506 4007 2715 4081 Vitos
2797 4012 2869 4077 et

495 4158 588 4207 m.
645 4135 836 4206 Rilo.

705 4253 974 4329 sorbus
1018 4258 1431 4347 aucuparia
1484 4255 1566 4326 L.
1624 4256 1706 4325 In
1763 4256 2224 4345 sylvestribus
2287 4256 2575 4327 occiduo
2638 4254 2866 4323 versis

495 4397 588 4446 m.
644 4373 877 4447 Vitos.

715 4496 792 4565 S.
848 4495 1048 4566 Aria
1105 4494 1386 4567 Crantz.
1446 4498 1529 4568 In
1585 4499 1861 4569 saxosis
1915 4518 2005 4567 m.
2064 4495 2296 4569 Vitos.

711 4635 785 4705 S.
848 4635 1267 4707 torminalis
1320 4636 1402 4707 L.
1478 4637 1562 4707 In
1618 4636 2080 4725 sylvestribus
2136 4658 2225 4707 m.
2284 4636 2474 4707 Rilo.
