3532 5426
2783 637 2860 699 43

481 853 751 942 pagina
781 854 973 923 senio
1001 852 1306 938 decidui,
1340 851 1639 922 residuis
1670 870 1895 938 parvo
1925 848 2289 920 tuberculo
2327 847 2535 919 fultis
2567 869 2648 919 ac
2710 850 2858 919 aci·

484 974 629 1045 culi
661 973 898 1045 flavidi
934 977 1008 1044 in
1038 972 1366 1044 foliorum
1389 973 1703 1062 margine
1735 992 1817 1041 ac
1848 969 2168 1059 apicibus
2198 969 2510 1040 dentium
2538 968 2863 1058 majoreS.

694 1094 880 1165 Mihi
936 1096 1251 1183 proxime
1309 1092 1517 1165 affine
1591 1094 1816 1164 visum
1871 1090 1946 1163 O.
2003 1090 2308 1181 Anglico
2363 1089 2546 1179 quod
2625 1087 2865 1159 differt

479 1215 682 1286 foliis
735 1217 964 1304 magis
1020 1215 1297 1301 divisiS,
1352 1214 1525 1304 pilis
1583 1213 1993 1286 articulatis
2060 1210 2603 1296 defficientibus,
2661 1206 2860 1279 foliis

480 1335 970 1425 superioribus
1008 1356 1146 1406 non
1201 1335 1650 1421 acuminatis,
1682 1333 2022 1423 capitulis
2077 1354 2216 1404 non
2252 1328 2716 1403 involucratis
2776 1350 2856 1400 ac

479 1455 800 1525 acheniis
858 1454 1054 1524 fusco
1112 1454 1495 1525 striolatis.

696 1572 775 1643 0.
833 1595 1095 1644 canum
1157 1573 1234 1645 L.
1291 1573 1376 1644 In
1431 1572 1646 1645 fossis
1700 1575 1890 1644 inter
1943 1573 2277 1685 Slivnica·
2310 1581 2383 1646 et
2440 1573 2649 1647 Sofia.

696 1711 776 1781 G.
833 1710 1479 1803 appendiculatum
1534 1710 1719 1784 Gris.
1801 1714 1884 1785 In
1936 1712 2362 1786 rivularibus
2444 1714 2863 1785 elatioribus

470 1854 571 1904 m.
632 1830 840 1905 Vitos
893 1838 967 1903 et
1020 1853 1110 1904 m.
1170 1832 1338 1904 Rilo
1391 1835 1649 1924 ubique
1705 1836 2226 1924 copiossimum.

695 1954 773 2024 0.
824 1954 1163 2042 palustre
1218 1955 1298 2025 L.
1367 1956 1452 2025 In
1506 1957 1905 2045 spongiosis
1959 1977 2050 2026 m.
2112 1955 2344 2029 Vitos.

696 2075 775 2146 G.
830 2072 1127 2164 Affrum
1181 2074 1227 2147 J
1234 2096 1387 2165 acq.
1446 2077 1529 2146 In
1589 2079 1863 2167 asperis
1920 2099 2134 2167 supra
2172 2078 2575 2168 Dragoman
2604 2076 2863 2165 BogaZ.

700 2197 779 2267 G.
840 2215 1145 2267 arvensc
1199 2196 1279 2267 L.
1337 2198 1534 2267 Inter
1587 2204 1860 2287 segetes
1918 2199 2112 2269 circa
2166 2198 2377 2271 Sofia.

695 2315 1046 2388 Oarduus
1107 2315 1571 2389 acanthoides
1625 2319 1704 2389 L.
1762 2320 1846 2389 In
1901 2321 2168 2410 campis
2226 2321 2421 2390 circa
2472 2318 2686 2391 Sofia.

696 2454 776 2525 G.
827 2454 1110 2546 crispus
1187 2456 1268 2526 L.
1351 2456 1435 2527 In
1508 2457 1972 2547 sylvestribus
2051 2480 2142 2528 m.
2201 2458 2446 2530 Ravno
2500 2456 2713 2546 Bucje
2771 2494 2864 2505 —-

474 2576 701 2648 Stara
755 2576 1082 2647 Planina.
2439 2674 2444 2678 ι

698 2697 777 2770 0.
834 2698 1251 2772 Personam
1316 2700 1525 2791 Jacq.
1611 2702 1692 2772 In
1766 2703 2230 2793 sylvestribus
2315 2723 2528 2792 supra
2609 2723 2859 2773 coeno-

480 2823 681 2893 bium
738 2819 934 2891 Rilo.

464 2923 545 3130 'C
699 2936 779 3009 G.
837 2939 1153 3012 collinus
1209 2941 1324 3013 W.
1382 2944 1474 3014 Κ.
1558 2945 1643 3015 In
1699 2947 1975 3017 saxosis
2033 2947 2297 3035 apricis
2364 2945 2567 3016 collis
2625 2943 2863 3017 Vrska

472 3065 475 3070 ’
548 3057 714 3128 uka.

698 3177 777 3248 G.
819 3184 1110 3260 ‚nutans
1167 3181 1246 3252 L.
1304 3183 1387 3252 In
1441 3186 1709 3273 campis
1768 3186 1963 3256 circa
2016 3183 2226 3256 Sofia.

697 3297 1114 3390 Onopordon
1164 3303 1621 3375 Acanthiwm
1676 3304 1755 3374 L.
1832 3305 1914 3374 In
1970 3306 2228 3378 arridis
2305 3325 2522 3393 supra
2579 3304 2854 3391 Drago-

475 3440 648 3488 man
702 3419 963 3510 BogaZ.

695 3541 959 3634 Lappa
1012 3545 1249 3634 major
1305 3544 1551 3618 Gartn.
1608 3548 1692 3617 In
1743 3546 2144 3618 hortulanis
2199 3534 2393 3617 circa
2448 3543 2660 3616 Sofia.

696 3663 787 3735 L.
843 3666 1081 3736 minor
1136 3664 1283 3737 DC.
1343 3665 1512 3739 Cum
1570 3670 1827 3757 priore.

697 3782 1016 3855 Garlina
1074 3787 1567 3876 acanthifolia
1619 3788 1708 3859 A.
1764 3788 1868 3859 M.
1929 3789 2010 3858 In
2066 3768 2344 3875 apricis*
2373 3787 2577 3858 collis
2622 3785 2860 3857 Vrska

491 3886 718 3976 Ouka.

698 4024 776 4097 0.
839 4026 1121 4098 acaulis
1177 4028 1256 4098 L.
1332 4028 1418 4099 In
1470 4032 1752 4117 pascuis
1811 4030 2085 4118 asperis
2138 4048 2230 4098 m.
2285 4028 2575 4098 Bukova
2614 4023 2857 4097 Glava.

697 4166 770 4237 G.
827 4163 1164 4254 vulyaris
1219 4167 1299 4237 L.
1357 4168 1442 4238 In
1497 4170 1769 4258 asperis
1825 4171 1900 4240 in
1956 4168 2186 4241 Vitos.

695 4303 1094 4377 Serv-atala
1153 4305 1499 4378 tinctoria
1551 4307 1633 4379 L.
1691 4309 1776 4380 In
1829 4309 2061 4397 pratis
2118 4328 2335 4397 prope
2392 4306 2727 4378 Slivnica.
2827 4391 2833 4396 ⁴

694 4444 1006 4515 Jurinea
1060 4444 1299 4517 mollis
1354 4445 1583 4517 Rchb.
1652 4447 1734 4515 In
1790 4447 2055 4534 apricis
2108 4443 2421 4515 herbidis
2479 4444 2684 4515 collis
2726 4443 2858 4517 Vr·

481 4566 622 4636 §.ka
674 4549 892 4638 Ouka.

701 4683 971 4756 Unicus
1017 4683 1428 4757 benedictus
1485 4685 1562 4755 L.
1620 4685 1703 4755 In
1760 4686 1949 4756 arvis
2005 4683 2214 4788 infra*
2249 4686 2478 4756 vicum
2534 4686 2725 4758 Rilo.
