3532 5426
647 608 728 678 44

857 821 1306 895 Carthamus
1361 822 1666 894 lanatus
1720 822 1803 894 L.
1886 823 1969 893 In
2052 825 2323 912 asperis
2377 825 2566 894 inter
2622 824 3023 914 Dragoman

643 941 879 1034 Bogaz
933 949 1009 1014 et
1065 941 1398 1015 Slivnica.

854 1081 932 1154 Ο.
991 1082 1337 1154 dentatus
1396 1081 1599 1154 Vahl.
1657 1084 1739 1154 In
1796 1084 1987 1154 arvis
2042 1082 2235 1153 infra
2299 1084 2529 1153 vicum
2583 1081 2776 1153 Rilo.

855 1201 1270 1274 Centaurea
1323 1199 1553 1274 Jacea
1607 1203 1686 1274 L.
1736 1204 1822 1274 In
1875 1203 2176 1276 dumetis
2233 1205 2322 1274 ad
2379 1201 2619 1276 Vrska
2671 1185 2897 1275 Ouka.

854 1339 934 1411 (J.
996 1340 1482 1411 Karneriana
1552 1340 1811 1413 Janka.
1887 1343 1970 1412 In
2048 1341 2488 1431 rupestribus
2572 1341 2796 1412 faucis
2879 1341 3016 1410 rivi

641 1460 851 1532 Iskra
906 1482 1120 1552 supra
1174 1462 1308 1534 Srb
1362 1461 1545 1534 Selo.

855 1583 932 1656 G.
989 1586 1398 1657 Austriaca
1454 1584 1702 1658 Willd.
1761 1587 1845 1656 In
1897 1585 2213 1657 herbidis
2270 1586 2482 1656 medii
2537 1605 2628 1654 m.
2685 1581 2878 1653 3110.

854 1721 934 1793 0.
1015 1745 1324 1794 nervosa
1380 1723 1630 1795 Willd.
1714 1726 1798 1795 In
1862 1726 2141 1814 pascuis
2221 1722 2721 1795 excelsioribus
2797 1723 3021 1793 totius

534 1826 537 1829 ’
644 1848 924 1915 tractus
977 1847 1315 1915 montium
1371 1844 1584 1916 Stara
1636 1845 1960 1933 Planina,
2016 1866 2108 1915 m.
2168 1844 2383 1916 Vitos
2441 1865 2520 1914 ac
2575 1864 2665 1915 m.
2723 1842 2914 1914 3110.

854 1965 933 2036 0.
993 1965 1349 2037 ancillaris
1407 1964 1656 2036 Willd.
1732 1967 1815 2036 In
1889 1968 2162 2037 saxosis
2234 1986 2325 2036 m.
2386 1961 2672 2036 Golema
2745 1962 3013 2036 Glama.

852 2102 931 2175 0.
987 2108 1437 2197 napuliyera
1464 2105 1683 2177 Roch.
1742 2108 1825 2177 In
1859 2106 2175 2179 herbidis
2215 2108 2341 2178 sub
2378 2127 2469 2179 m.
2514 2088 2713 2177 Strbi
2746 2105 3022 2178 Kamen

641 2229 716 2292 et
769 2245 860 2294 m.
928 2224 1119 2297 3110.

856 2345 934 2415 G.
992 2345 1473 2438 stereophylla
1527 2346 1720 2419 Bess.
1805 2349 1888 2420 In
1945 2348 2227 2419 collinis
2283 2347 2572 2419 incultis
2637 2348 2827 2418 inter
2886 2343 3019 2417 Ga·

640 2464 882 2535 ribrod
939 2466 1256 2538 Slivnica
1310 2475 1383 2538 et
1440 2468 1633 2539 circa
1698 2467 2068 2539 Samokov.
2236 2446 2240 2451 ⁹

764 2687 769 2692 ,
856 2604 935 2676 0.
994 2602 1072 2672 K
1082 2604 1481 2694 otschyana
1543 2603 1771 2676 Heuff.
1859 2606 1941 2675 In
2005 2607 2288 2695 pascuis
2369 2602 2874 2675 excelsioribus
2927 2623 3019 2672 m.

646 2723 937 2815 Kopren
991 2736 1064 2798 et
1117 2747 1208 2797 m.
1265 2725 1457 2797 Rilo.
2329 2717 2332 2722 ’

854 2847 932 2918 0.
991 2846 1456 2940 calocephala
1514 2846 1629 2919 W.
1686 2849 1772 2919 In
1808 2849 2250 2940 rupestribus
2288 2868 2378 2918 m.
2420 2843 2707 2918 Golema
2744 2842 3014 2916 Glama.

854 2986 933 3056 G.
1008 2985 1444 3077 chrysolepis
1511 2984 1661 3057 Vis.
1737 2986 1797 3055 81
1868 2985 1948 3056 Ρ.
2030 2987 2113 3056 In
2184 2986 2498 3057 herbidis
2576 2985 2836 3074 apricis
2917 3004 3009 3055 m.

640 3102 928 3178 Golema
982 3103 1252 3178 Glama.

853 3249 930 3321 Ο.
992 3247 1443 3319 Salonitana
1498 3245 1649 3319 Vis.
1691 3248 1785 3318 -In
1839 3249 2029 3319 arvis
2084 3256 2157 3318 et
2212 3191 2403 3317 inter
2457 3253 2732 3337 segetes
2790 3269 2831 3316 a
2873 3243 3007 3317 Ga-

639 3369 881 3441 ribrod
939 3370 1024 3440 ad
1082 3368 1420 3440 Slivnica.

850 3507 930 3579 0.
990 3507 1358 3579 australis
1413 3506 1623 3577 Pano.
1682 3504 1901 3576 Flora
1956 3506 2178 3595 princ.
2236 3504 2527 3578 Serbiae
2583 3527 2652 3595 p.
2710 3504 2886 3577 441.
2928 3504 3015 3575 In

643 3629 915 3716 asperis
973 3627 1102 3698 sub
1157 3647 1246 3695 m.
1307 3624 1515 3726 Vitoys
1573 3648 1650 3696 ac
1704 3647 1797 3696 m.
1856 3625 2049 3698 Rilo.
2120 3625 2326 3699 Certe
2364 3629 2716 3718 perennis,
2772 3628 3012 3697 imme-

637 3750 783 3818 rito
841 3768 994 3818 cum
1045 3755 1400 3838 sequente,
1452 3746 1525 3820 C.
1567 3747 1806 3819 bienni
1876 3747 2192 3821 confusa.

850 3885 929 3957 Ο.
986 3886 1089 3957 Bi
1132 3885 1512 3958 hersteim’i
1567 3885 1713 3959 DC.
1772 3889 1886 3959 Ad
1939 3890 2291 3979 margines
2349 3890 2504 3958 viae
2579 3889 2766 3957 inter
2822 3884 3015 3956 Dub-

637 4009 800 4080 nica
851 4014 925 4079 et
979 4010 1206 4079 vicum
1269 4008 1461 4079 3110.

855 4146 928 4217 Ο.
987 4145 1309 4220 dissecta
1361 4149 1526 4220 Ten.
1586 4148 1668 4217 In
1721 4150 2169 4239 rupestribus
2227 4149 2607 4239 graniticis
2643 4148 2855 4219 medii
2911 4168 3007 4218 m.

639 4266 829 4338 3110.

847 4393 923 4464 0.
980 4391 1407 4464 solstitialis
1458 4393 1539 4464 L.
1593 4393 1678 4463 In
1734 4394 1925 4465 arvis
1979 4394 2105 4465 sub
2159 4413 2269 4463 m.-
2309 4391 2544 4466 vrska
2599 4375 2819 4463 Ouka.

858 4529 929 4600 O.
988 4530 1424 4621 Calcitrapa
1478 4529 1560 4601 L.
1617 4531 1700 4600 In
1756 4532 2026 4620 campis
2065 4532 2256 4601 circa
2293 4529 2484 4601 Sofia
2536 4538 2610 4601 et
2647 4530 3060 4603 Samokov..

855 4669 1192 4760 Grupina
1220 4667 1558 4757 vulparia
1587 4667 1798 4739 Pers.
1826 4668 1909 4738 In
1940 4671 2129 4739 arvis
2160 4667 2286 4739 sub
2323 4667 2501 4738 colle
2531 4665 2765 4740 Vrska
2794 4648 3023 4739 Ouka.
