3532 5426
605 582 686 643 64

816 785 1375 895 Ornithoqalum
1434 780 1903 852 umbellatum
1955 778 2039 851 L.
2107 779 2190 850 In
2248 779 2519 850 saxosis
2575 774 2980 847 excelsiori-

601 913 730 984 bus
795 930 887 979 m.
943 904 1234 996 Kopren
1291 945 1383 958 -
1444 903 1659 975 Stara
1725 902 2050 974 Planina.

804 1030 882 1101 Ο.
934 1024 1398 1100 Narbonense
1424 1024 1508 1097 L.
1566 1025 1766 1095 Inter
1805 1029 2078 1112 segetes
2112 999 2239 1094 snb
2267 1019 2444 1091 colle
2477 1019 2719 1091 Vrska
2760 1000 2984 1089 Ouka.

822 1167 1051 1241 Scilla
1107 1164 1361 1258 bifolia
1414 1165 1497 1237 L.
1553 1165 1638 1236 In
1692 1165 1995 1256 dumetis
2064 1162 2188 1234 sub
2246 1160 2426 1230 colle
2487 1159 2720 1231 Vrska
2759 1141 2983 1230 Cuka.

821 1305 930 1376 Sc.
997 1301 1457 1374 autumnalis
1497 1303 1577 1373 L.
1635 1302 1718 1373 In
1760 1302 2023 1392 apricis
2057 1321 2271 1389 supra
2299 1299 2703 1387 Dragoman
2726 1297 2987 1389 Bogaz.

816 1440 1095 1515 Allium
1133 1439 1471 1511 ursinum
1502 1438 1584 1510 L.
1642 1439 1726 1509 In
1755 1438 2230 1527 sylvestribus
2263 1438 2464 1509 collis
2496 1436 2732 1509 Vrska
2762 1419 2986 1509 Cuka.

815 1578 911 1650 A.
971 1575 1411 1651 moschatum
1465 1578 1547 1648 L.
1633 1579 1717 1649 In
1774 1580 2049 1650 saxosis
2133 1579 2336 1649 collis
2395 1575 2680 1648 Golema
2738 1575 2986 1650 Glama
3068 1550 3075 1557 ⁸

601 1712 675 1775 et
743 1702 979 1773 Vrska
1036 1684 1258 1774 Ouka.
2844 1684 2850 1689 ’

810 1822 904 1894 A.
960 1824 1238 1914 flavum
1292 1821 1374 1893 L.
1432 1823 1514 1893 In
1555 1824 1831 1893 saxosis
1900 1822 2105 1894 collis
2147 1820 2387 1892 Vrska
2428 1803 2628 1893 Cuka
2664 1827 2737 1891 et
2776 1843 2992 1911 supra

603 1947 1004 2035 Dragoman
1069 1944 1329 2034 BogaZ.

812 2067 904 2137 A.
969 2063 1418 2156 pulchellum
1474 2065 1654 2135 Don.
1737 2065 1823 2134 In
1875 2066 2156 2156 pascuis
2240 2066 2662 2137 elatioribus
2726 2087 2818 2136 m.
2876 2065 2990 2137 Sv.

602 2189 872 2260 Nikola
930 2197 1002 2259 et
1046 2208 1137 2257 1n.
1173 2186 1446 2279 Vraffija
1502 2184 1745 2257 Glava.

815 2309 909 2381 A.
952 2308 1241 2396 fuscum
1280 2306 1469 2378 WK.
1529 2308 1614 2378 In
1653 2308 2098 2397 rupestribus
2138 2308 2345 2379 collis
2387 2305 2674 2379 Golema
2715 2307 2986 2381 Glama.

816 2450 911 2519 A.
1002 2447 1640 2518 melanantherum
1738 2469 1908 2517 nov.-
1991 2468 2177 2537 spec.
2287 2448 2498 2519 Bulbi
2589 2457 2704 2520 sat
2791 2453 2998 2539 parvi

603 2571 801 2641 ovati
875 2571 1140 2640 tunicis
1181 2568 1582 2639 chartaceis
1625 2568 2099 2639 exterioribus
2159 2568 2405 2656 fusciS‚
2465 2590 2678 2660 scapo
2737 2571 2995 2642 stricto

604 2694 692 2764 ad
729 2693 1039 2764 medium
1076 2690 1354 2777 foliato,
1389 2690 1586 2762 foliis
1627 2691 1881 2762 lineari
1923 2691 2451 2762 semiteretibus
2484 2690 2736 2762 farctis
2777 2712 2991 2782 supra

608 2812 1100 2885 canaliculatis
1140 2811 1333 2882 infra
1371 2812 1850 2896 tricarinatis,
1904 2811 2247 2883 umbellae
2287 2809 2551 2902 spatha
2587 2810 2806 2881 bifida
2846 2811 2992 2883 suf-

610 2935 837 3007 fultae
874 2934 1097 3005 radiis
1146 2931 1632 3023 inaequalibus
1686 2932 2006 3003 bulbillis
2064 2935 2297 3005 ovatis
2351 2934 2814 3025 intermixtis,
2869 2960 2993 3029 pe-

610 3055 877 3144 rigonii
951 3052 1445 3141 campanulato
1498 3051 1869 3140 cylindrici
1924 3050 2190 3141 phyllis
2246 3054 2542 3142 oblongo
2609 3057 2995 3130 linearibus

613 3173 1115 3247 obtuoiusculis
1190 3175 1457 3264 pallide
1512 3146 1974 3280 lissascentus¹
2015 3194 2170 3242 cum
2246 3176 2492 3246 carina
2548 3178 2997 3282 saturatiorq

615 3297 994 3366 staminum
1023 3297 1344 3385 prigonio
1374 3293 1803 3364 inclusorum
1829 3289 2209 3365 filamentis
2252 3296 2625 3384 subulatis,
2684 3298 3000 3372 antheris

616 3416 958 3506 elypticis
1035 3416 1404 3505 plumbeiS,
1472 3416 1713 3486 ovario
1797 3415 2094 3504 oblongo
2180 3416 2371 3504 stylo
2455 3418 3005 3512 subaequilongo

617 3544 977 3624 coronam,
1021 3537 1309 3626 capsula
1349 3538 1634 3625 trigona
1693 3538 1894 3626 apice
1958 3538 2329 3626 impressa,
2370 3537 2750 3610 seminibus
2792 3541 2998 3612 atris.

821 3658 1005 3729 Hab.
1066 3661 1138 3728 in
1192 3657 1612 3729 elatioribus
1665 3679 1757 3727 m.
1818 3657 2034 3728 Vitos
2088 3665 2161 3730 et
2214 3680 2305 3729 m.
2363 3657 2586 3743 Rilo;
2670 3660 3002 3748 primitus

618 3779 876 3850 lectum
930 3781 1004 3849 in
1057 3780 1340 3869 pascuis
1394 3801 1484 3849 m.
1548 3779 1774 3849 Plana
1827 3786 1900 3850 et
1957 3781 2150 3850 circa
2203 3781 2435 3851 lacum
2474 3779 2779 3851 Vlasina
2833 3778 2999 3850 Ser-

620 3901 781 3972 biae
834 3899 1344 3970 meridionalis.
1402 3898 1595 3970 Flor.
1655 3899 1863 3970 Iulio,

829 4021 1231 4092 Proximum
1287 4022 1374 4090 A.
1409 4020 1778 4091 tenuifloro
1808 4021 1973 4092 Ten.
2005 4029 2078 4093 et
2115 4023 2204 4095 A.
2237 4023 2614 4115 parcifloro
2646 4023 2810 4095 Viv.
2841 4024 3001 4094 Pri-

621 4164 809 4213 mum
864 4142 1109 4214 differt
1189 4147 1474 4213 statura
1557 4142 2019 4231 depressiore.
2100 4144 2500 4217 robustiore
2582 4152 2657 4217 et
2710 4143 3007 4216 deffectu

625 4267 1105 4348 bulbillorum‚
1199 4265 1495 4336 alterum
1588 4270 1871 4336 statura
1968 4262 2373 4352 graciliore,
2464 4262 2759 4334 deffectu
2847 4264 3003 4334 bul-

625 4388 956 4458 billorum
1009 4408 1087 4457 ac
1152 4385 1468 4456 antheris
1548 4384 1777 4456 flavis.
1856 4385 2021 4472 Syn.
2111 4385 2203 4454 A.
2255 4367 2711 4454 ¹Moe-siacum
2792 4384 3006 4456 Panc.

632 4509 992 4579 exsiccata
1049 4508 1135 4577 ad
1195 4507 1481 4576 amicos.

840 4646 932 4714 A.
992 4642 1383 4716 simmam
1439 4643 1556 4714 W.
1616 4644 1699 4715 In
1734 4642 2165 4713 rivularibus
2207 4589 2300 4710 in.
2339 4640 2555 4714 vitos
2584 4650 2662 4714 et
2692 4640 3007 4713 m.R110.
