3532 5426
2817 588 2902 649 33

719 797 1125 870 Ostericum
1160 797 1510 889 palustre
1564 797 1759 869 BesS.
1818 797 1903 867 In
1939 797 2363 869 rivularibus
2423 798 2511 868 ad
2554 796 2890 890 Vladaja.

724 938 1081 1027 Anyelica
1111 956 1301 1028 spec.
1372 932 1484 1007 Ad
1521 937 1821 1006 rivulum
1883 934 2221 1026 frigidum
2288 938 2415 1009 sub
2453 958 2543 1007 m.
2612 930 2778 1007 Rilo
2823 939 2900 1008 in

521 1061 857 1131 societate
897 1079 1051 1129 cum
1080 1057 1427 1129 Heracleo
1455 1056 1761 1146 villoso,
1816 1080 1953 1128 non
2005 1059 2246 1148 procul
2306 1080 2347 1128 a
2403 1060 2710 1130 statione
2768 1058 2894 1130 Gei
3008 1122 3013 1129 .

517 1181 905 1269 Bulgarici.
990 1180 1337 1266 Robusta,
1438 1178 2026 1269 Archangelieam
2130 1180 2510 1266 aemulans,
2600 1181 2900 1270 vaginae

520 1301 837 1391 amplae,
924 1302 1322 1389 superiores
1400 1300 1756 1387 bullatae,
1841 1296 2062 1373 flores
2134 1341 2223 1353 -
2293 1301 2521 1370 medio
2588 1302 2895 1390 Augusti

515 1423 727 1511 primi
753 1461 844 1473 —-
879 1422 1183 1511 virginei
1223 1420 1406 1491 laevi
1437 1416 1690 1491 rubore
1732 1420 1998 1508 suffusi,
2030 1420 2204 1492 folia
2240 1442 2487 1511 grosse
2517 1421 2898 1492 biserrata.

648 1677 653 1683 ¹
725 1572 819 1644 A.
877 1574 1266 1689 sylvestris
1316 1575 1400 1646 L.
1484 1575 1567 1645 In
1647 1575 2079 1645 rivularibus
2131 1595 2224 1644 m.
2279 1574 2528 1645 Ravno
2582 1574 2792 1665 Bueje
2830 1582 2903 1647 et

515 1714 607 1764 m.
666 1693 980 1784 Kopren.
1021 1710 1025 1725 ·

726 1831 1232 1904 Peucedanum
1285 1832 1644 1904 Chabrcwi
1697 1834 1925 1905 Rchb.
2010 1835 2093 1904 In
2148 1836 2381 1923 pratis
2433 1855 2526 1903 m.
2588 1833 2781 1906 Rilo.

723 1970 803 2042 P.
859 1971 1221 2041 Cervaria
1255 1970 1339 2041 L.
1380 1971 1463 2041 In
1501 1957 1733 2060 pratis
1774 1971 2237 2060 sylvestribus
2274 1970 2488 2040 medii
2525 1989 2618 2039 m.
2662 1969 2900 2042 Vitos.

682 2076 818 2183 ἼΡ.
875 2109 1291 2181 Alsaticum
1349 2110 1433 2181 L.
1487 2109 1572 2180 In
1625 2111 1929 2206 dumetis
1986 2111 2113 2181 sub
2169 2110 2348 2180 colle
2403 2107 2636 2181 Vrska
2676 2092 2898 2181 Ouka.

725 2246 1132 2318 Pastinaca
1177 2246 1428 2318 sativa
1478 2246 1561 2318 L.
1617 2248 1703 2317 In
1757 2250 1991 2338 pratis
2034 2249 2123 2318 ad
2154 2249 2379 2318 rivum
2414 2246 2625 2318 Iskra
2679 2268 2898 2337 prope

518 2365 867 2438 Samokov
918 2374 992 2438 et
1049 2369 1135 2438 ad
1194 2366 1498 2458 Vladaja
1555 2369 1680 2438 sub
1738 2389 1830 2438 m.
1889 2367 2119 2440 Vitos.

723 2506 817 2576 P.
876 2506 1167 2578 hirsuta
1221 2506 1436 2578 Pano.
1498 2505 1715 2576 Flora
1752 2508 1976 2595 prino.
2034 2506 2320 2578 Serbiae
2364 2505 2565 2577 1874
2606 2529 2674 2597 p.
2719 2507 2893 2578 359.

516 2629 598 2699 In
680 2628 980 2699 dumetis
1063 2628 1169 2699 sul
1226 2625 1492 2717 Vraija
1547 2623 1768 2697 Gla'va
1850 2633 1923 2697 et
1978 2628 2052 2697 in
2105 2628 2490 2700 declivibus
2573 2628 2891 2699 herbidis

524 2770 738 2839 supra
809 2748 1216 2819 coenobium
1280 2747 1470 2819 Rilo.
1552 2748 1822 2818 Dubito
1876 2749 2194 2819 nonnihil
2271 2751 2498 2840 quoad
2580 2749 2898 2840 plantam

524 2871 930 2958 orbelioam,
1005 2889 1184 2957 quae
1241 2888 1395 2939 cum
1449 2867 1682 2938 fructu
1755 2870 2131 2940 immaturo
2186 2870 2372 2942 lecta
2419 2876 2531 2956 est
2584 2912 2675 2922 --
2729 2892 2896 2960 pro-

522 2960 842 3113 babiiter
921 3011 1002 3060 eo
1076 2991 1233 3078 ipso
1314 2989 1466 3059 loco
1536 2988 1656 3059 ubi
1729 2990 1899 3060 olim
1972 2989 2498 3061 Fridrichsthal
2578 2990 2901 3080 plantam

521 3111 723 3200 legit,
773 3129 993 3199 quam.
1027 3110 1302 3181 tardius
1348 3110 1545 3180 dives
1603 3105 1988 3180 Grisebach
2036 3111 2163 3181 sub
2201 3112 2475 3180 nomine
2516 3111 2593 3180 P.
2636 3113 2896 3200 pimpi-

519 3231 912 3301 nellifoliae
972 3229 1361 3319 publicavit
1418 3252 1494 3300 ao
1551 3230 1822 3300 demum
1853 3232 2275 3302 oLBoissier
2303 3232 2377 3299 in
2397 3228 2615 3300 Flora
2644 3228 2892 3302 Orien·

523 3352 655 3423 tali
714 3373 841 3441 pro
925 3371 1052 3422 sua
1122 3350 1522 3421 Malabaila
1602 3352 2045 3421 involucrata
2125 3351 2539 3421 declaravit.
2626 3350 2900 3421 Nostra

521 3475 773 3567 planta
828 3466 1120 3545 Serbioa
1194 3494 1273 3543 ac
1329 3493 1413 3542 ea
1466 3472 1549 3543 de
1605 3493 1695 3542 m.
1732 3471 2032 3543 -Balkan
2087 3473 2366 3542 omnino
2421 3492 2587 3541 vera
2646 3470 2889 3542 Pasti-

518 3617 720 3682 naca,
777 3594 1166 3666 diaoheniis
1227 3593 1346 3681 2,5
1407 3595 1531 3664 lin.
1576 3595 1843 3684 ‘long-is,
1916 3597 2127 3666 vittis
2183 3584 2582 3666 dorsalibus
2649 3598 2890 3685 aequi-

518 3717 744 3807 longis
823 3715 1467 3787 commissuralibus
1539 3717 1748 3804 paulo
1834 3715 2271 3787 brevioribus
2298 3772 2314 3803 ,
2395 3717 2711 3806 margine
2786 3737 2891 3787 se—

518 3840 727 3909 minis
805 3842 1305 3924 transparente
1381 3836 1659 3925 quidem
1711 3857 1839 3906 neo
1913 3841 2149 3905 tamen
2220 3844 2299 3906 ut
2361 3838 2434 3907 in
2496 3836 2895 3908 Malabaila

521 3979 731 4029 aurea
768 3955 980 4030 Sibth
1029 3955 1342 4046 hyalino.
1401 3957 1773 4027 Involucra
1807 3962 1881 4025 et
1937 3956 2358 4027 involucella
2396 3955 2593 4028 5—ss
2652 3956 2898 4045 phylla

516 4081 1006 4168 persistentia,
1062 4058 1329 4168 phyllis
1383 4077 1782 4148 lanceolato
1823 4077 2236 4165 linearibus,
2292 4078 2496 4167 longe
2535 4077 2888 4148 acumina-

517 4202 616 4272 tis
697 4199 1045 4271 villosulis
1124 4200 1442 4289 margine
1525 4198 1612 4268 ad
1694 4199 1995 4268 medium
2091 4198 2400 4288 hyalinis
2481 4196 2897 4268 umbellulas

519 4322 1003 4420 aequantibuS,
1056 4320 1367 4392 umbella
1419 4326 1531 4390 ter
1573 4320 2056 4406 brevioribus;
2115 4319 2291 4390 folia
2327 4341 2409 4390 ea
2445 4317 2896 4389 Libanotidis

516 4447 887 4514 montanae
941 4448 1296 4513 revocant.

716 4574 1178 4646 Heracleum
1233 4574 1627 4647 Sibirz'mhm
1679 4575 1762 4647 L.
1819 4576 1903 4646 In
1958 4577 2241 4665 pascuis
2297 4598 2386 4647 m.
2441 4574 2680 4648 vitos.

2720 4776 2752 4827 3
