3532 5426
3032 598 3109 659 37

941 807 1076 877 Kn.
1136 803 1498 895 sylvatica
1555 805 1739 876 Dub.
1800 805 1884 875 In
1935 805 2241 877 dumetis
2296 825 2388 875 m.
2445 799 2678 876 Vitos.

942 929 1076 997 Kn.
1132 925 1523 1014 maynifica
1578 926 1811 998 Boiss.
1867 948 2016 997 var.
2072 926 2470 1016 flavescens
2506 947 2598 997 m.
2655 927 2739 997 In
2796 926 3114 998 herbidis

728 1068 820 1118 m.
861 1048 1142 1120 Streser
1201 1087 1294 1099 —
1355 1045 1675 1131 Vlasina.
1734 1046 2090 1119 Gracilior
2127 1054 2301 1137 typo
2340 1049 2459 1138 qui
2499 1049 2784 1138 copiose
2845 1049 3108 1133 crescit

730 1169 803 1241 in
841 1167 1129 1240 Serbiae
1168 1170 1450 1258 pascuis
1504 1188 1597 1238 m.
1657 1167 1848 1240 Suha
1900 1167 2203 1241 Planina
2257 1170 2449 1240 inter
2504 1166 2773 1240 Golemi
2840 1167 3116 1240 Kamen

733 1296 808 1360 et
839 1289 1136 1362 Smrdan
1176 1289 1437 1360 substr.
1470 1288 1822 1373 calcare03
1882 1289 1970 1359 ab
1997 1310 2079 1360 eo
2135 1291 2421 1379 insuper
2448 1289 2690 1361 differt
2744 1288 2940 1361 foliis
3003 1290 3110 1358 in·
3156 1328 3163 1333 ·

733 1411 981 1482 divisis
1038 1431 1120 1481 ac
1177 1408 1464 1481 corollis
1518 1406 2087 1481 flavescentibus.

938 1528 1288 1603 Scabiosa
1347 1527 1815 1601 Columbaria
1875 1530 1955 1603 L.
2012 1530 2096 1601 In
2150 1532 2433 1621 pascuis
2486 1551 2578 1601 m.
2637 1529 2932 1619 Kopren
3017 1570 3110 1581 —

738 1650 955 1722 Stara
1008 1649 1334 1721 Planina.

795 1873 798 1876 .
936 1771 1046 1845 Se.
1105 1772 1522 1844 ochroleuca
1578 1772 1654 1845 L.
1716 1772 1801 1844 In
1855 1775 2088 1863 pratis
2142 1795 2235 1847 m.
2294 1772 2524 1846 Vitos.

938 1909 1050 1983 Sc.
1074 1908 1542 1997 triniaefolia
1563 1907 1748 1983 Gris.
1780 1932 1929 1982 var.
1950 1913 2280 2001 setiqera
2297 1932 2390 1987 m.
2417 1914 2646 2003 Supra
2666 1914 2897 1983 vicum
2916 1909 3109 1983 Rilo.

738 2030 999 2103 Differt
1056 2052 1099 2100 a
1171 2036 1370 2120 typo,
1444 2032 1563 2120 qui
1621 2032 1695 2103 in
1770 2032 2060 2105 Serbiae
2142 2034 2408 2123 apricis
2490 2033 2838 2105 calcareis
2928 2033 3119 2103 inter

731 2153 848 2224 Ak
901 2151 1221 2223 Palanka
1275 2158 1348 2222 et
1404 2151 1609 2223 Pirot
1683 2154 1970 2240 crescit,
2031 2155 2436 2225 indumento
2492 2153 2845 2243 foliorum,
2937 2175 3115 2244 quae

740 2272 987 2345 setulis
1070 2274 1379 2345 incurvis
1445 2272 1725 2345 hirsuta
1783 2294 1864 2344 ac
1947 2275 2022 2344 in
2078 2276 2284 2366 apice
2364 2277 2784 2347 laciniarum
2837 2278 2979 2348 imo
3040 2283 3114 2347 et

730 2394 1073 2466 involucri
1129 2393 1393 2483 phyllis
1451 2394 1806 2466 alterutra
1860 2397 2089 2467 setula
2127 2402 2331 2468 recta
2369 2398 2755 2469 terminata
2809 2405 3009 2469 sunt.

940 2532 1048 2605 Sc.
1077 2531 1497 2604 micrantha
1526 2531 1728 2618 Desf.
1760 2534 1844 2604 In
1874 2536 2147 2622 asperis
2179 2555 2397 2624 supra
2427 2535 2834 2626 Dragoman
2854 2535 3116 2626 Bogaz.

1564 2771 2029 2856 Compositae
2073 2776 2303 2837 Adane.

934 2929 1431 3025 Eupatorium
1466 2931 1960 3006 cannabinum
1997 2933 2079 3006 L.
2137 2936 2249 3006 Ad
2287 2935 2552 3007 rivulos
2591 2937 2718 3008 sub
2745 2957 2837 3009 m.
2881 2937 3115 3011 Vitos.

933 3052 1398 3146 Adenostyles
1456 3053 1831 3146 albiflrons
1886 3051 2117 3129 Rchb.
2194 3057 2276 3126 In
2333 3057 2799 3146 sylvestribus
2865 3059 3114 3135 Ravno

735 3171 947 3265 Buoje
1007 3216 1099 3226 -
1159 3177 1371 3249 Stara
1424 3176 1750 3248 Planina.

937 3295 1367 3389 Homoyyne
1408 3298 1690 3391 Alpina
1746 3296 1942 3371 cass.
2000 3300 2083 3370 In
2137 3302 2421 3389 pascuis
2475 3318 2567 3371 m.
2624 3298 2816 3371 Rilo.

934 3416 1315 3509 Linosyris
1368 3419 1715 3507 vulgaris
1784 3417 1978 3491 GasS.
2066 3421 2148 3491 In
2204 3422 2469 3511 apricis
2551 3441 2764 3510 supra
2825 3421 3107 3512 Drago-

730 3556 891 3609 man
949 3538 1207 3631 Bogaz.

930 3660 1157 3735 Aster
1207 3660 1527 3754 Alpinus
1582 3664 1663 3735 L.
1721 3664 1807 3734 In
1834 3665 2396 3755 rupestribusm.
2430 3663 2852 3737 Midior.—
2888 3663 3106 3736 Stara
3185 3639 3189 3644 ⁴

731 3779 1050 3854 Planina.

932 3902 1172 3975 Bellis
1217 3905 1563 3994 perennis
1619 3904 1700 3976 L.
1757 3905 1843 3975 In
1894 3906 2128 3994 pratis
2193 3905 2284 3976 ad
2341 3904 2552 3979 Sofia.

931 4025 1301 4114 Fstiyeron
1358 4023 1813 4095 Ganadensis
1887 4025 1968 4095 L.
2026 4025 2109 4095 In
2166 4026 2380 4098 cultis
2437 4028 2524 4098 ad
2580 4027 2790 4101 Sofia.

933 4145 1041 4253 E..
1082 4149 1443 4234 unitlorus
1498 4147 1577 4219 L.
1664 4146 1748 4218 In
1829 4137 2124 4220 saxosis
2181 4169 2271 4219 m.
2356 4147 2661 4221 Midzor.
2724 4188 2815 4205 -·
2889 4149 3105 4221 Sizara

735 4268 1053 4339 Planina.

933 4387 1272 4480 Solidayo
1327 4388 1560 4477 Virya
1616 4409 1850 4460 aurea
1903 4389 1984 4461 L.
2043 4390 2125 4460 In
2178 4390 2482 4464 dumetis
2534 4412 2625 4464 m.
2686 4389 2914 4463 Vitos.

941 4528 1308 4621 Micropns
1364 4536 1642 4603 erectus
1717 4529 1797 4599 L.
1883 4529 1966 4599 In
2050 4532 2323 4619 asperis
2407 4551 2621 4621 supra
2701 4530 3112 4619 Dragoman

732 4647 987 4738 Bogaz.
