3532 5426
496 609 577 671 20

700 818 1204 906 Ayrostemma
1261 815 1569 908 Githago
1621 815 1705 887 L.
1765 816 1966 885 Inter
2006 823 2274 905 segetes
2317 813 2442 885 sub
2500 812 2680 886 colle
2729 811 2870 883 Vr—

498 942 628 1013 ska
665 925 886 1013 Ouka.

1422 1129 1770 1199 Alsineae
1814 1136 1942 1196 DC.

710 1295 998 1380 Sanina
1036 1289 1511 1384 procumbens
1562 1294 1645 1366 L.
1711 1294 1796 1365 In
1852 1294 2124 1365 saxosis
2177 1315 2268 1364 m.
2328 1294 2448 1364 Tri
2505 1275 2719 1365 Cuke,

558 1424 565 1430 ’
714 1417 793 1485 S.
849 1412 1174 1504 bryoides
1230 1412 1469 1485 Frohl.
1527 1415 1609 1485 In
1651 1396 2008 1485 cacumine
2035 1416 2297 1485 montis
2333 1413 2640 1486 Midffior.
2702 1415 2878 1485 Exi—

486 1538 619 1629 lis,
681 1559 722 1607 a
777 1536 934 1606 basi
997 1535 1502 1622 ramosissima,
1558 1535 1931 1624 pedunculi
2007 1534 2365 1605 fructiferi
2420 1536 2668 1622 erecti,
2708 1556 2876 1625 par-

502 1665 610 1730 tes
669 1656 876 1728 floris
934 1661 1381 1727 tetramerae.

713 1777 1086 1868 Speryula
1148 1778 1487 1849 aroensis
1543 1776 1624 1847 L.
1682 1777 1765 1848 In
1807 1778 2080 1865 asperis
2138 1796 2229 1845 m.
2290 1773 2590 1846 Streser.

716 1898 1174 1988 Lepiyonum
1227 1894 1531 1969 rubram
1573 1896 1860 1968 Wahlb.
1918 1898 2001 1967 In
2032 1898 2344 1968 arenosis
2386 1896 2474 1965 ad
2514 1893 2885 1965 Samokov.

558 2026 565 2031 “
709 2021 969 2091 Alsine
1021 2041 1252 2090 verna
1305 2018 1536 2090 Bartl.
1594 2020 1677 2089 In
1735 2020 2009 2107 asperis
2065 2039 2155 2088 m.
2214 2017 2335 2088 Tri
2394 1999 2613 2087 Ouke.

713 2157 1183 2248 Moehrz‘nyia
1223 2157 1567 2248 pendula
1623 2155 1738 2225 W.
1798 2155 1890 2226 Κ.
1932 2156 2016 2225 In
2044 2155 2485 2246 rupestribus
2513 2175 2604 2224 m.
2636 2154 2887 2226 Ravno

502 2279 712 2368 Bubio
763 2285 839 2351 et
889 2300 980 2348 m.
1036 2278 1158 2349 Tri
1214 2260 1431 2350 Ouke.

713 2417 823 2489 M.
857 2418 1227 2487 trinervia
1249 2415 1510 2503 Olaer.
1570 2415 1651 2486 In
1691 2395 1971 2487 saxosis
2021 2412 2489 2502 sylvestribus
2517 2434 2609 2483 m.
2646 2413 2886 2485 Vitos.

709 2554 1090 2626 Arenaria
1146 2551 1636 2647 serpyllifolia
1689 2552 1773 2624 L.
1832 2555 1914 2622 In
1968 2553 2236 2641 campis
2308 2554 2620 2624 arenosis
2694 2556 2890 2624 circa

507 2675 716 2750 Sofia.

666 2799 757 2868 Α.
779 2793 1207 2880 rotandifoli
1214 2817 1259 2865 a
1276 2794 1440 2865 ΜΒ.
1465 2797 1548 2865 In
1570 2795 1865 2866 excelsis
1886 2817 1976 2865 m.
2000 2795 2191 2883 Ri10‚
2216 2797 2303 2867 ad
2328 2802 2589 2868 terram
2607 2799 2887 2868 nudam.

717 2936 808 3007 H
812 2935 1143 3008 olosteum
1195 2933 1669 3005 umbellatum
1732 2934 1816 3004 L.
1872 2928 1977 3029 {In
2034 2935 2220 3005 arvis
2306 2934 2430 3005 sub
2484 2932 2688 3030 {colle
2743 2933 2885 3004 Vr-

508 3055 640 3125 ska
698 3038 919 3127 (luka.

718 3176 1067 3248 Stellaria
1119 3196 1492 3247 nemorum
1545 3175 1628 3247 L.
1685 3179 1769 3247 In
1824 3175 2290 3267 sylvestribus
2342 3198 2432 3247 m.
2489 3174 2680 3245 Rilo.

714 3297 821 3369 St.
879 3297 1122 3367 media
1190 3294 1357 3368 Vill.
1414 3297 1498 3367 In
1556 3299 1834 3368 saxosis
1890 3296 2093 3368 collis
2154 3289 2399 3370 Vrska
2454 3280 2678 3369 (luka.

718 3419 819 3490 St.
875 3418 1266 3505 graminea
1319 3417 1403 3490 L.
1460 3418 1542 3489 In
1597 3419 1831 3509 pratis
1887 3440 1977 3489 m.
2048 3418 2283 3490 Vitos.

719 3535 822 3607 St.
882 3533 1256 3621 uliginosa
1310 3534 1498 3605 Mur.
1557 3536 1638 3605 In
1693 3538 2124 3608 rivularibus
2178 3559 2268 3609 m.
2301 3523 2521 3609 Tmo.

717 3670 1070 3744 Mondaia
1124 3671 1470 3743 Mantica
1525 3674 1753 3745 Bartl.
1813 3676 1897 3745 In
1935 3676 2321 3747 declivibus
2357 3679 2626 3767 asperis
2684 3674 2892 3747 collis

512 3796 753 3867 Vrska
808 3777 1029 3865 Ouka.
2164 3803 2168 3808 ·

717 3917 1131 3989 Gerastium
1186 3913 1772 4008 brachypetalum
1829 3917 2045 4007 Desp.
2115 3917 2285 3990 Cum
2340 3920 2599 4008 priore.

690 4055 805 4125 Ὀ.
864 4053 1163 4124 triviale
1216 4054 1425 4124 Link.
1508 4055 1592 4125 In
1647 4055 2111 4144 sylvestribus
2189 4057 2324 4142 ,sub
2408 4055 2585 4126 colle
2652 4054 2894 4126 Vrska

516 4159 742 4246 Cuka.

497 4317 505 4325 ·
726 4296 799 4366 Ο.
854 4300 1131 4366 rectum
1199 4295 1392 4366 Friv.
1479 4295 1560 4365 In
1618 4300 1893 4369 saxosis
1978 4297 2186 4369 collis
2246 4298 2485 4369 Vrska
2540 4278 2740 4366 Ouka
2818 4302 2891 4365 et

513 4443 603 4491 m.
664 4420 854 4491 Rilo.
2707 4485 2723 4502 ‚

724 4540 798 4611 G.
848 4539 1206 4631 petricola
1260 4561 1350 4608 m.
1438 4541 1783 4624 Annuum,
1867 4539 2281 4629 glanduloso
2337 4539 2661 4629 pilosum,
2720 4559 2884 4607 cau-

513 4661 700 4732 libus
806 4660 1395 4732 adscendentibus
1495 4681 1536 4731 a
1635 4660 1792 4731 basi
1884 4659 2280 4730 dichotome
2362 4658 2891 4735 ramosissimis,
