3532 5426
457 576 535 638 36

662 782 752 855 G.
799 781 1142 875 palustre
1194 782 1275 854 L.
1334 782 1418 854 In
1473 783 1873 873 spongiosis
1927 802 2017 852 m.
2077 780 2309 852 Vitos.

662 903 751 975 G.
806 884 1058 976 verum
1114 903 1193 974 L.
1275 902 1360 973 In
1431 904 1663 993 pratis
1738 903 1866 975 sub
1936 923 2027 973 m.
2086 899 2322 973 Vrska
2380 883 2603 989 Cuka,
2687 902 2824 971 cir-

457 1049 541 1099 ea
600 1024 788 1098 Sofia

662 1146 752 1220 G.
794 1164 1257 1236 purpureum
1315 1144 1395 1214 L.
1455 1144 1538 1214 In
1600 1145 2047 1233 rupestribus
2100 1165 2192 1215 m.
2249 1143 2485 1216 Vrska
2527 1125 2750 1215 Cuka.

663 1268 751 1340 G.
813 1267 1219 1340 (tristatum
1273 1267 1354 1337 L.
1411 1266 1495 1336 In
1548 1266 1853 1338 dumetis
1911 1267 2038 1338 sub
2091 1288 2181 1337 m.
2240 1268 2431 1338 Rilo.

667 1388 757 1460 G.
816 1386 1145 1476 Molluyo
1196 1386 1280 1458 L.
1366 1387 1478 1458 Ad
1552 1408 1754 1477 sepes
1835 1389 2028 1458 inter
2083 1387 2430 1460 Garibrod
2489 1394 2563 1460 et
2618 1384 2830 1475 Sofia,

459 1512 585 1583 sub
636 1531 729 1583 m.
785 1507 1020 1581 Vrska
1074 1489 1296 1580 Cuka.

667 1631 756 1703 G.
811 1632 1167 1723 sylvestre
1220 1629 1402 1701 Poll.
1460 1630 1544 1700 In
1598 1628 2066 1718 sylvestribus
2122 1631 2338 1701 medii
2392 1650 2484 1701 m.
2529 1629 2720 1703 Rilo.

664 1754 744 1824 G.
777 1751 1268 1824 oehrozeucum
1295 1751 1456 1822 Kit.
1487 1750 1571 1820 In
1590 1751 2034 1839 rupestribus
2073 1772 2162 1822 m.
2188 1749 2397 1823 Vitos
2420 1758 2494 1822 et
2514 1772 2607 1823 m.
2638 1749 2831 1821 Rilo.

1320 1949 1804 2018 Valeriaueae
1848 1957 1975 2016 DC.

677 2114 1076 2199 Valeriana
1128 2110 1515 2214 officinalis
1574 2110 1654 2182 L.
1712 2110 1796 2180 In
1851 2111 2101 2184 fossis-
2148 2114 2234 2183 ad
2291 2110 2659 2200 Garibrod.
2716 2132 2829 2183 sa-

461 2237 703 2309 licetis
760 2257 980 2326 prope
1045 2233 1414 2307 SamokoV.
1936 2231 1939 2235 ’

681 2358 760 2430 V.
819 2358 1158 2451 tripteris
1210 2341 1292 2431 L.
1348 2358 1433 2430 In
1489 2358 1762 2430 saxosis
1816 2377 1908 2428 m.
1964 2355 2279 2445 Kopren.

680 2478 761 2551 V.
816 2486 1167 2552 montana
1221 2480 1302 2553 L.
1360 2480 1443 2550 In
1496 2479 1941 2568 rupestribus
1997 2477 2344 2548 umbrosis
2398 2495 2490 2546 m.
2549 2474 2779 2547 Vitos.

684 2599 764 2671 V.
821 2598 1157 2673 tuberosa
1194 2601 1273 2674 L.
1316 2586 1402 2671 In'
1428 2601 1700 2671 saxosis
1731 2600 2065 2671 calcariis
2097 2596 2302 2670 collis
2334 2596 2572 2670 Vrska
2611 2579 2833 2669 Ouka.

683 2721 1187 2817 Valerianella
1240 2722 1540 2796 olitoria
1594 2722 1774 2795 Poll.
1823 2724 1918 2818 ‚In
1970 2723 2159 2793 arvis
2219 2721 2306 2791 ad
2347 2719 2581 2792 Vrska
2612 2700 2833 2791 Cuka.

677 2841 759 2914 V.
817 2845 1168 2916 carinam
1222 2843 1414 2915 Lois,
1472 2844 1555 2914 In
1611 2845 1886 2915 saxosis
1941 2863 2032 2912 m.
2095 2840 2327 2913 Vrska
2380 2822 2602 2912 Ouka.

678 2961 759 3034 V.
816 2962 1210 3035 Morisonii
1262 2962 1409 3034 DC.
1467 2963 1550 3035 In
1608 2964 1798 3034 arvis
1837 2965 2032 3033 circa
2087 2960 2297 3033 Sofia.

680 3081 760 3157 V.
818 3091 1163 3156 coronata
1217 3082 1364 3155 DC.
1421 3084 1505 3154 In
1544 3085 1820 3174 asperis
1878 3103 2092 3173 supra
2132 3083 2538 3172 Dragoman
2575 3081 2833 3172 Bogaz.

1368 3284 1768 3369 Dipsaeeae
1813 3290 1941 3352 DC.

669 3446 1036 3537 Dipsacus
1090 3444 1494 3517 laciniatus
1550 3445 1630 3516 L.
1686 3446 1772 3516 In
1825 3445 2063 3534 pratis
2120 3445 2208 3514 ad
2266 3443 2634 3516 Samokov.

673 3565 769 3637 D.
814 3564 1100 3658 pilosus
1153 3566 1234 3637 L.
1292 3567 1375 3636 In
1428 3566 1854 3637 rivularibus
1902 3567 2025 3635 imi
2080 3586 2171 3636 m.
2230 3564 2462 3638 Vitos.

676 3684 1132 3778 Cephalaria
1167 3684 1762 3778 Transylvanica
1821 3685 2067 3757 Sohrd.
2124 3687 2208 3757 In
2247 3689 2436 3759 arvis
2481 3688 2568 3757 ad
2627 3684 2836 3758 Sofia.

673 3807 752 3878 G.
813 3806 1105 3880 Graeca
1157 3807 1248 3879 R.
1306 3807 1376 3879 S.
1459 3808 1543 3878 In
1619 3808 2009 3878 declivibus
2092 3807 2408 3880 herbidis
2484 3809 2570 3879 ad
2624 3809 2838 3879 meri-

462 3932 647 4002 diem
699 3929 926 4000 versis
979 3949 1070 3999 m.
1126 3928 1319 4000 Rilo.

462 4156 522 4226 B
671 4047 1026 4120 Knautia
1108 4046 1421 4141 hybrida
1495 4046 1723 4119 Goult.
1807 4049 1890 4119 In
1963 4047 2175 4119 fossis
2260 4050 2347 4119 ad
2436 4049 2841 4140 Dragoman

526 4175 725 4244 ogaZ.

670 4272 830 4343 Kn.
892 4273 1228 4343 aroensis
1281 4271 1361 4343 L.
1420 4273 1503 4343 In
1559 4275 1828 4363 eampis
1889 4275 1975 4344 ad
2032 4271 2243 4346 Sofia.

677 4381 1335 4463 Kn.'Maeedonica
1364 4389 1547 4464 GriS.
1579 4415 1727 4464 var.
1766 4393 2125 4465 lilascens
2165 4413 2257 4464 m.
2314 4393 2428 4463 Ad
2455 4394 2835 4484 marginies

321 4535 326 4541 ·
461 4512 814 4601 sylvarum
868 4532 1087 4602 prope
1145 4514 1554 4583 coenobium
1610 4514 1801 4585 Rilo.
1857 4513 2022 4586 Non
2052 4514 2327 4586 recedit
2372 4515 2518 4585 nisi
2546 4512 2835 4584 floribus

467 4633 986 4705 lilanenntibus
1034 4679 1037 4684 <
