3532 5426
2790 590 2862 658 '71

704 804 797 876 Α.
855 803 1419 895 septentrionale
1475 803 1553 876 L.
1640 806 1722 874 In
1806 803 2251 895 rupestribus
2332 806 2714 895 granitieis
2777 830 2867 878 m.

500 924 708 998 Vitos
762 934 835 997 et
889 948 980 997 m.
1039 927 1230 997 Rilo.

707 1048 958 1120 Pteris
1019 1047 1363 1137 aquilina
1418 1048 1497 1118 L.
1556 1048 1637 1117 In
1692 1050 1924 1137 pratis
1984 1047 2449 1137 sylvestribus
2504 1071 2594 1120 m.
2638 1048 2867 1120 Vitos.

703 1186 1089 1256 Allosurus
1145 1188 1431 1279 crispus
1485 1186 1739 1257 Bernh.
1827 1187 1911 1256 In
1965 1186 2409 1275 rupestribus
2491 1187 2870 1274 granitiois

497 1330 588 1378 m.
652 1308 838 1378 Rilo.

711 1609 898 1664 Nota.
937 1609 1154 1664 Multae
1183 1613 1237 1664 in
1277 1612 1366 1664 his
1405 1612 1635 1680 paginis
1666 1618 1899 1665 notatae
1936 1612 2172 1679 plantae
2208 1613 2386 1666 lectae
2425 1620 2556 1666 sunt
2575 1619 2674 1666 aut
2710 1619 2872 1665 nota·

499 1706 590 1751 tae
630 1697 852 1752 vicibus
892 1697 1028 1760 illis,
1086 1697 1216 1751 dum
1254 1698 1462 1752 Florae
1509 1698 1781 1752 Serbioae
1839 1697 2195 1766 indagandae
2253 1699 2444 1766 gratia
2481 1705 2701 1752 montes
2739 1700 2873 1752 Bul-

499 1783 696 1851 gariae
754 1782 1177 1837 collimitaneos
1234 1784 1685 1839 conscendebam
1723 1793 1839 1848 aut,
1881 1784 1981 1838 ubi
2020 1785 2271 1854 pretium
2312 1800 2520 1853 operae
2548 1784 2870 1847 videbatur,

497 1871 580 1924 eis
619 1868 1004 1939 transgressis
1043 1869 1151 1923 soli
1192 1870 1490 1939 Bulgarioi
1549 1887 1718 1938 quam
1756 1879 1979 1939 partem
2017 1872 2314 1926 finitimam
2354 1873 2728 1940 peragi-abar.
2766 1873 2875 1926 Re·

496 1958 683 2025 liquas
725 1958 1027 2011 observavi
1066 1974 1210 2011 anno
1249 1959 1507 2026 proxime
1546 1960 1762 2028 elapso,
1823 1959 1921 2012 ubi
1959 1959 2355 2027 opportunitas
2414 1958 2658 2020 advenit,
2717 1966 2779 2013 ut
2818 1966 2877 2012 et

498 2045 799 2112 capitalem
838 2044 1145 2112 Bulgariae
1202 2042 1510 2097 inviserem
1550 2059 1616 2096 ac
1655 2042 1933 2110 quaedam
1991 2042 2306 2096 elevatiora
2356 2050 2545 2096 terrae
2602 2043 2748 2096 loca.
2805 2058 2875 2094 m.

500 2130 665 2185 Vitos
706 2137 767 2184 et
801 2147 870 2183 m.
913 2128 1040 2183 Rilo
1079 2128 1333 2189 adirem;
1410 2144 1646 2196 cumque
1684 2129 1739 2181 in
1777 2129 1886 2182 hac
1920 2129 2118 2182 ultima
2173 2127 2639 2196 peregrinatione
2677 2127 2873 2195 plures

498 2219 724 2286 plantas
764 2231 942 2270 novas
992 2230 1227 2268 rarasve
1284 2214 1554 2283 detegere
1607 2221 1705 2268 aut
1741 2215 1961 2281 pridem
2000 2215 2180 2268 lectas
2221 2214 2281 2268 in
2317 2214 2480 2267 novis
2521 2213 2872 2271 stationibus

499 2303 720 2373 plenius
758 2302 991 2357 studere
1038 2300 1358 2368 contigerit,
1394 2302 1511 2367 jam
1566 2317 1728 2362 nune,
1770 2301 2148 2362 autumabam,
2185 2300 2335 2353 ratio
2375 2316 2484 2352 non
2533 2298 2873 2361 defficiebat,

498 2396 563 2442 ut
619 2391 844 2458 plantas
904 2389 960 2442 in
997 2388 1274 2455 Bulgaria
1316 2388 1652 2442 observatas
1709 2388 1768 2440 in
1805 2388 1954 2440 hunc
2013 2387 2309 2442 elenchum
2367 2399 2765 2453 componerem
2808 2400 2874 2437 ac

408 2495 415 2501 ·
504 2477 704 2532 amicis
745 2477 948 2531 Florae
986 2475 1339 2529 Balkanicae
1379 2474 1625 2528 offerem.
