3532 5426
2992 593 3069 654 19

902 804 998 877 D.
1058 805 1338 894 Μίθραν
1393 803 1550 875 Vis.
1608 804 1692 873 In
1744 801 2061 873 herbidis
2118 800 2540 871 elatioribus
2593 818 2685 867 m.
2742 800 2929 873 Rilo.

909 943 1005 1014 D.
1062 941 1408 1014 deltoides
1462 943 1545 1015 L.
1600 944 1684 1013 In
1735 941 2052 1014 herbidis
2125 940 2544 1011 elatioribus
2595 961 2686 1011 m.
2770 938 3071 1013 Streser.

907 1079 1020 1150 D..
1056 1079 1404 1178 superbus
1482 1078 1565 1150 L.
1623 1080 1707 1151 In
1787 1079 2101 1151 herbidis
2154 1079 2312 1149 udis
2364 1099 2456 1148 m.
2506 1076 2795 1167 Kopren
2847 1088 2920 1150 et
2974 1103 3067 1152 m.

696 1199 939 1272 Vites.

906 1320 1324 1410 saponaria
1419 1318 1780 1392 Vaccaria
1857 1319 1939 1389 L.
2050 1319 2248 1390 Inter
2334 1325 2609 1409 segetes
2690 1318 2817 1390 sub
2897 1319 3074 1390 colle
3151 1366 3156 1370 -

709 1437 944 1511 Vrska
1000 1421 1222 1511 Ouka.

909 1559 1156 1631 Silene
1210 1558 1612 1633 dichotoma
1667 1560 1888 1632 Ehrh.
1964 1560 2048 1631 In
2104 1559 2293 1630 arvis
2349 1558 2540 1628 infra
2594 1560 2819 1629 vicum
2882 1558 3077 1635 Rilo.

907 1702 984 1791 S.
1044 1698 1410 1770 trinervia
1463 1698 1621 1771 Seb.
1677 1705 1750 1770 et
1806 1699 2036 1771 Maur.
2122 1699 2205 1769 In
2260 1700 2572 1771 arenosis
2628 1701 2818 1770 inter
2876 1698 3071 1771 Dub-

702 1821 864 1891 nica
914 1826 989 1891 et
1044 1823 1268 1891 vicum
1326 1820 1516 1892 Rilo.

909 1943 986 2011 S.
1049 1939 1281 2012 Otites
1337 1940 1419 2012 L.
1475 1942 1561 2012 In
1613 1941 1931 2012 herbidis
1986 1962 2077 2010 m.
2118 1939 2432 2030 Kopren.

912 2079 984 2150 S.
1043 2078 1428 2151 Sendtnerz·
1481 2079 1712 2151 Boiss.
1797 2080 1880 2150 In
1933 2081 2355 2170 graminosis
2429 2103 2518 2153 m.
2595 2064 2926 2172 Tupanac
2985 2121 3083 2132 --

623 2191 633 2201 ’
703 2197 921 2269 Stara
976 2199 1277 2271 Planina
1332 2205 1404 2270 et
1458 2222 1677 2290 prope
1736 2200 2071 2293 Vladaja.

913 2322 989 2390 S.
1045 2320 1382 2392 Rocmeri
1438 2320 1630 2392 Friv.
1688 2322 1772 2392 In
1825 2324 2247 2412 graminosis
2302 2324 2515 2394 medii
2569 2346 2657 2395 m.
2718 2326 2904 2397 Rilo.

913 2459 986 2531 S.
1046 2459 1306 2553 inflata
1333 2458 1472 2530 Sm.
1513 2461 1597 2532 In
1629 2463 1904 2539 saxosis
1933 2483 2023 2532 m.
2054 2456 2345 2551 Kopren
2385 2502 2466 2511 -
2506 2461 2719 2533 Stara
2748 2463 3081 2536 Planina.

913 2598 985 2670 S.
1043 2596 1425 2670 subconica
1476 2599 1670 2671 Friv.
1727 2601 1812 2670 In
1868 2603 2185 2672 arenosis
2240 2602 2430 2670 inter
2484 2601 2809 2674 Dubnica
2864 2607 2937 2672 et
2975 2604 3081 2673 vi-

704 2741 859 2791 cum
913 2719 1104 2791 Rilo.

911 2842 986 2911 S.
1047 2839 1346 2911 clavata
1424 2839 1607 2931 Hpe.
1665 2841 1748 2910 In
1832 2844 2105 2913 saxosis
2188 2865 2278 2913 m.
2339 2843 2681 2914 Vitos'et
2762 2865 2831 2913 m
2884 2842 3077 2913 Rilo.

712 2961 1063 3033 Videntur
1117 2963 1248 3032 duo
1304 2962 1594 3050 formae,
1634 2985 1718 3033 ea
1773 2964 1856 3033 de
1910 2983 2000 3032 111.
2059 2963 2224 3034 Rilo
2280 2965 2706 3054 depressior,
2761 2964 3076 3036 caulibus

703 3082 1060 3171 plerisque
1111 3081 1464 3169 unifloriS‚
1522 3082 1717 3153 foliis
1748 3083 2161 3154 linearibus.
2194 3084 2679 3155 Indumentum
2710 3083 3087 3173 peculiare,

706 3201 944 3274 caules
1003 3206 1203 3292 apice
1261 3203 1553 3290 viscidi.
1623 3205 1779 3275 basi
1838 3224 1991 3275 cum
2063 3204 2258 3276 foliis
2341 3206 2653 3277 breviter
2718 3203 3086 3294 papillosi‚

702 3326 911 3413 quasi
965 3298 1248 3413 leprosi,
1306 3325 1476 3413 pilis
1506 3347 1541 3395 e
1573 3325 1869 3414 papillis
1898 3327 2410 3415 emergentibus
2442 3327 2651 3412 rariS‚
2694 3325 2780 3394 ad
2820 3325 3084 3413 margi-

705 3467 887 3515 mem
940 3445 1267 3516 foliorum
1309 3445 1841 3535 copiosioribus.
2314 3460 2317 3464 ’

916 3566 988 3637 S.
1047 3563 1722 3653 Lerchenfe‘ldiana
1749 3568 1949 3658 Bmg.
2008 3570 2091 3639 In
2144 3568 2584 3658 rupestribus
2623 3569 2847 3638 totius
2888 3574 3081 3637 trac-

706 3692 823 3759 tus
878 3690 1219 3757 montium
1272 3687 1547 3758 Balkan
1632 3711 1672 3758 a
1725 3711 1816 3759 m.
1876 3690 2218 3761 Rasovati
2258 3688 2531 3760 Kamen
2587 3690 2673 3759 ad
2729 3711 2818 3759 m.
2852 3689 3084 3777 Tupa-

710 3829 838 3876 nac
898 3815 970 3878 et
1024 3810 1097 3878 in
1151 3829 1240 3878 m.
1302 3809 1535 3880 Vitos.

919 3928 992 3998 S.
1048 3928 1391 4000 Asterias
1450 3927 1632 4001 Gris.
1717 3933 1802 4003 In
1866 3934 2264 4022 spongiosis
2351 3953 2430 4001 ac
2512 3930 2937 4001 rivularibus
2992 3951 3085 4001 m.

709 4046 998 4137 Kopren
1053 4055 1125 4120 et
1180 4072 1271 4120 m.
1329 4037 1519 4122 Rilo.

922 4171 996 4240 S.
1046 4169 1489 4262 pudibunda
1542 4174 1797 4246 Hoffm.
1859 4174 2027 4247 Cum
2065 4175 2317 4264 priore.

924 4292 1249 4385 Lychnis
1319 4293 1662 4366 Viscaria
1715 4296 1798 4366 L.
1856 4297 1940 4365 In
1994 4296 2306 4366 herbidis
2364 4316 2455 4363 111.
2514 4291 2749 4363 Vites.

924 4414 1015 4486 L.
1075 4417 1402 4486 Sartorii
1454 4417 1683 4488 Boiss.
1742 4418 1825 4487 In
1881 4418 2196 4488 herbidis
2251 4438 2340 4485 111.
2381 4415 2568 4485 Rilo.

921 4533 1012 4605 L.
1069 4536 1452 4605 coronaria
1503 4536 1701 4607 Lam.
1758 4536 1841 4607 In
1900 4537 2171 4606 saxosis
2225 4555 2316 4604 m.
2377 4532 2619 4604 Vrska
2658 4515 2876 4603 Ouka.

918 4655 1004 4727 L.
1059 4653 1476 4745 verperte’na
1531 4654 1761 4726 Sibth.
1820 4655 1931 4724 Ad
1989 4674 2186 4751 sepes
2230 4653 2352 4723 sub
2385 4652 2558 4723 colle
2592 4650 2833 4722 Vrska
2863 4631 3086 4720 Cuka.

2918 4783 2984 4834 2..
