3532 5426
2897 612 2974 672 49

590 819 803 907 latae,
861 821 1077 910 pubes
1134 840 1386 910 sparsa
1443 821 1529 890 ad
1586 820 1817 892 basim
1870 821 2201 891 foliorum
2275 802 2709 892 caulinorum
2767 830 2841 895 et
2898 825 2972 893 in

589 939 945 1029 calycibus
999 941 1395 1028 copiosior,
1464 939 1810 1011 alteruter
1865 941 2050 1032 pilus
2107 943 2328 1021 etiam
2396 944 2471 1012 in
2526 943 2795 1014 venulis
2848 964 2968 1014 co-

592 1063 815 1134 rollae
871 1062 1206 1149 visibilis,
1290 1083 1424 1152 quo
1480 1061 1731 1151 planta
1785 1083 1962 1151 pone
2020 1063 2200 1136 alios
2256 1062 2706 1134 characteres
2765 1063 2967 1134 valde

592 1163 885 1254 accedit⁴
950 1183 1351 1253 caucasicae
1420 1180 1494 1254 C.
1553 1182 1863 1255 Aucheri
1920 1182 2066 1255 DC.
2125 1183 2356 1255 Boiss.
2439 1183 2634 1254 Flor.
2693 1181 2971 1273 Orient,

594 1330 747 1378 cum
784 1329 921 1396 qua
959 1309 1178 1377 etiam
1219 1306 1578 1377 crescendi
1615 1305 1893 1406 modum
1957 1305 2089 1388 „ad
2130 1309 2396 1373 terram
2432 1304 2730 1374 nudam“
2779 1325 2967 1375 com-

588 1450 865 1500 munem
927 1427 1168 1498 habet.

802 1566 879 1636 G.
933 1564 1503 1655 rapunculoides
1558 1565 1637 1635 L.
1705 1565 1789 1635 In
1845 1565 2119 1635 saxosis
2177 1564 2382 1635 collis
2444 1563 2678 1636 Vrska
2731 1546 2955 1637 Ouka.

804 1702 882 1773 G.
943 1701 1466 1773 Bounomensis
1525 1702 1604 1772 L.
1660 1703 1745 1773 In
1804 1704 2105 1774 dumetis
2161 1704 2288 1775 sub
2342 1724 2432 1774 m.
2492 1703 2726 1777 Vitos.

803 1839 880 1909 0.
957 1839 1337 1930 linyulata
1393 1840 1507 1911 W.
1566 1841 1658 1913 K.
1744 1843 1828 1912 In
1914 1844 2185 1932 asperis
2271 1864 2483 1933 supra
2566 1844 2972 1934 Dragoman

590 1960 852 2051 BogaZ.

804 2082 881 2154 O.
938 2082 1342 2171 ylomerata
1397 2084 1475 2155 L.
1561 2086 1651 2156 In·
1696 2087 2123 2174 graminosis
2177 2107 2268 2156 m.
2325 2088 2447 2158 Tri
2506 2070 2698 2158 Cuke
2753 2094 2826 2158 et
2877 2109 2970 2159 m.

591 2204 881 2295 Kopren
940 2244 1033 2257 -
1091 2204 1306 2276 Stara
1361 2205 1686 2276 Planina.

804 2346 881 2416 Ο.
921 2346 1313 2417 scutellam
1351 2345 1534 2418 Gris.
1592 2348 1675 2419 In
1711 2348 2056 2438 glareosis
2098 2349 2323 2420 faucis
2362 2350 2500 2420 rivi
2540 2348 2707 2419 Rilo
2755 2370 2969 2439 supra

590 2468 821 2537 vicum
873 2469 1373 2557 cognominem.

804 2605 882 2675 C.
936 2603 1396 2696 persicifolia
1452 2607 1531 2678 L.
1614 2607 1697 2678 In
1770 2608 2086 2678 herbidis
2168 2629 2257 2678 m.
2316 2607 2439 2677 Tri
2501 2591 2695 2680 Cuke
2750 2614 2822 2679 et
2877 2630 2968 2679 m.

586 2711 958 2814 R110‚ubi
1015 2729 1089 2797 in
1143 2727 1561 2799 elatioribus
1614 2730 1931 2803 uniflora
1989 2731 2253 2801 evadit.

807 2867 885 2937 G.
947 2866 1425 2959 Rapunculus
1482 2868 1562 2938 L.
1636 2869 1722 2938 In
1774 2871 2008 2958 pratis
2066 2871 2530 2959 sylvestribus
2588 2871 2713 2941 sub
2786 2871 2964 2941 colle

594 2985 831 3059 Vrska
888 2969 1108 3058 C'uka.

806 3106 883 3178 Ο.
946 3128 1262 3199 expansa
1314 3107 1508 3179 Friv.
1589 3098 1711 3180 In‘
1754 3110 2219 3198 sylvestribus
2306 3113 2431 3183 sub
2513 3134 2602 3182 m.
2665 3111 2957 3183 Bukova

593 3228 837 3299 Glava.

802 3349 1265 3423 Podanthum
1318 3371 1699 3422 canescens
1753 3349 1870 3421 W.
1912 3351 2004 3422 Κ.
2061 3354 2146 3423 In
2197 3355 2621 3442 graminosis
2677 3353 2961 3441 depres-

593 3474 901 3544 sioribus
957 3493 1046 3542 m.
1105 3471 1335 3543 Vitos.

802 3595 892 3664 P.
951 3591 1476 3680 limonifolium
1529 3595 1669 3666 Sm.
1753 3595 1836 3664 In
1912 3598 2185 3684 asperis
2271 3616 2483 3685 supra
2556 3594 2962 3684 Dragoman

589 3714 851 3804 Bogaz.

1478 3913 1911 3985 vaccinieae
1955 3917 2082 3983 DC.

813 4078 1239 4150 Vaceinium
1308 4079 1687 4170 Myrtillus
1741 4079 1825 4151 L.
1882 4080 1965 4151 In
2004 4080 2468 4169 sylvestribus
2510 4081 2732 4150 totius
2772 4084 2959 4149 trac-

590 4207 710 4270 tus
762 4201 1103 4270 montium
1129 4199 1432 4288 Balkan‚
1492 4223 1534 4272 a
1585 4200 1832 4271 Ravno
1887 4199 2102 4290 Bucje
2161 4202 2249 4271 ad
2305 4200 2540 4272 Dobro
2596 4199 2829 4272 Jutro.

816 4336 893 4410 V.
930 4337 1376 4426 uliyinosum
1403 4338 1486 4408 L.
1518 4339 1599 4410 In
1640 4336 2137 4408 excelsioribus
2166 4358 2256 4406 m.
2297 4336 2587 4427 Kopren
2615 4358 2706 4407 m.
2749 4335 2965 4407 Vitos

585 4465 666 4528 et
718 4480 807 4529 m.
863 4460 1056 4530 Rilo.

812 4580 890 4651 V.
945 4581 1137 4652 Vitis
1191 4580 1428 4651 Idaea
1482 4581 1562 4652 L.
1618 4582 1703 4651 In
1741 4583 2011 4652 saxosis
2066 4601 2157 4650 m.
2198 4580 2486 4670 Kopren
2524 4587 2597 4650 et
2636 4600 2726 4649 m.
2768 4577 2960 4650 Rilo.

2821 4815 2857 4867 4
