3532 5426
2960 609 3037 670 39

758 879 761 883 .
865 823 956 893 A.
1016 819 1483 912 yrandifolia
1535 820 1726 893 Friv.
1788 823 1871 892 In
1926 823 2199 892 saxosis
2257 820 2461 892 collis
2518 819 2755 893 Vrska
2813 803 3035 892 Ouka.

870 964 962 1033 A.
1037 967 1405 1051 compacta
1486 961 1734 1033 Willd.
1821 965 1905 1035 In
1987 963 2259 1052 asperis
2343 983 2557 1052 supra
2635 963 3039 1050 Dragoman

662 1083 918 1173 Bogaz.

868 1204 957 1276 A.
1019 1208 1368 1297 depressa
1421 1206 1467 1279 J
1473 1209 1678 1278 anka.
1753 1209 1838 1279 In
1889 1207 2326 1298 marginibus
2382 1208 2538 1277 viae
2593 1207 2784 1276 inter
2838 1207 3035 1278 Dub-

656 1328 816 1398 nica
872 1336 946 1398 et
997 1329 1228 1398 vicum
1281 1327 1470 1399 Rilo.

867 1447 959 1519 A.
1020 1449 1396 1539 lingulam
1454 1448 1567 1520 W.
1627 1449 1720 1521 Κ.
1806 1450 1891 1520 In
1943 1452 2226 1539 pascuis
2283 1452 2701 1525 elatioribus
2756 1472 2846 1522 m.
2905 1452 3040 1524 Tri

663 1554 881 1658 Cuke,
936 1589 1026 1639 m.
1087 1569 1382 1659 Kopren
1440 1578 1513 1640 et
1566 1591 1657 1641 m.
1719 1569 1912 1641 Rilo.

865 1711 955 1780 A.
1013 1707 1384 1799 multifida
1438 1706 1582 1780 DC.
1640 1709 1724 1779 In
1778 1710 2060 1798 pascuis
2115 1710 2533 1785 elatioribus
2587 1736 2677 1784 m.
2737 1695 2953 1787 Rilos

861 1829 1247 1904 Anthemis
1306 1831 1649 1902 tinctoria
1702 1831 1783 1902 L.
1840 1832 1925 1902 In
1980 1833 2167 1902 arvis
2224 1835 2417 1904 circa
2472 1833 2837 1909 Caribrod.

802 1975 807 1980 ’
874 1971 965 2066 A.
1024 1971 1467 2042 macrantha
1520 1968 1750 2040 Heuff.
1811 1970 1896 2040 In
1949 1972 2232 2060 pascuis
2272 1973 2736 2062 sylvestribus
2772 1997 2861 2045 m.
2905 1976 3041 2048 Bu-

660 2094 844 2165 kova
904 2091 1125 2166 Glava
1187 2134 1272 2143 —-
1339 2092 1666 2164 Vlasina.

869 2214 961 2285 A.
1022 2213 1351 2284 aroensis
1408 2213 1487 2284 L.
1547 2214 1628 2283 In
1688 2214 1876 2283 arvis
1935 2215 2061 2286 sub
2117 2234 2207 2285 m.
2268 2214 2503 2289 Vrska
2572 2200 2792 2289 Ouka.

876 2354 969 2424 A.
1005 2352 1474 2423 Macedonica
1504 2349 1686 2423 Gris.
1721 2353 1805 2423 In
1824 2353 2142 2425 herbidis
2175 2375 2255 2424 ac
2278 2353 2583 2426 dumosis
2615 2356 3036 2428 elatioribus

670 2497 760 2544 m.
820 2474 1010 2545 Rilo.
1069 2474 1209 2545 Pro
1265 2475 1397 2544 hac
1453 2476 1731 2563 quidem
1787 2475 1977 2546 lecta
2042 2478 2160 2547 sed
2222 2478 2308 2547 ab
2349 2478 2597 2548 amicis
2653 2479 3043 2550 litterariis

660 2618 790 2686 pro
847 2617 929 2666 ea
983 2617 1122 2666 non
1178 2596 1563 2685 recognita.
1643 2595 2030 2667 Secundum
2084 2598 2634 2686 descriptionem
2679 2599 2830 2689 jam
2886 2608 3035 2670 sta-

660 2727 823 2789 tura
877 2740 1053 2807 quae
1120 2716 1387 2804 1—1,5
1443 2719 1600 2807 ped.
1658 2739 1907 2790 revera
1962 2720 2246 2791 diversa
2283 2722 2586 2791 videtur.
2646 2722 2780 2793 Est
2836 2729 3035 2793 certe
3235 2801 3245 2819 ‚

661 2841 965 2926 biennis,
1045 2840 1288 2910 radice
1370 2839 1806 2927 multicipite
1878 2841 2371 2928 descendente,
2456 2834 2621 2944 foljs
2677 2840 3037 2913 inferiori·
3169 2818 3294 2914 sul

663 2963 792 3033 bus
866 2960 1330 3051 (rosularibus
1406 2968 1723 3049 tempore
1794 2960 2281 3032 florescentiae
2357 2965 2765 3053 emarcidis)
2844 2964 3039 3035 2-3

663 3080 1136 3172 pinnatifidis,
1212 3082 1495 3152 laciniis
1552 3081 2015 3153 breviusculis
2089 3083 2472 3155 linearibus
2498 3139 2514 3171 ,
2589 3088 3042 3174 mucronatis,

666 3204 989 3276 caulibus
1072 3203 1512 3293 simplicibus
1595 3210 1717 3273 aut
1801 3224 2014 3293 supra
2065 3204 2368 3274 medium
2423 3211 2494 3274 in
2551 3227 2784 3277 ramos
2844 3208 3038 3278 2-5

567 3310 571 3313 ’
663 3326 866 3413 apice
902 3327 1120 3396 nudos
1160 3325 1434 3411 divisis,
1477 3323 1814 3413 capitulis
1843 3325 2341 3412 mediocribus.
2377 3330 2755 3414 squammis
2789 3329 3037 3399 antho-

658 3445 763 3516 dii
832 3447 1090 3518 albidis
1147 3445 1478 3517 sca-riosis
1536 3446 1836 3516 obovato
1895 3436 2307 3556 spafibilatis,
2363 3449 2680 3537 margine
2735 3448 3038 3537 villosis,

657 3565 900 3655 ligulis
959 3566 1245 3653 albidis,
1326 3566 1642 3637 acheniis
1701 3567 2163 3638 transversim
2215 3566 2565 3656 rugulosis
2620 3569 3036 3659 marginali-

662 3687 791 3758 bus
847 3688 1420 3776 subcompressis.

873 3826 963 3896 A.
1023 3830 1373 3896 montana
1427 3827 1507 3897 L.
1594 3827 1677 3896 In
1732 3828 2007 3897 saxosis
2087 3847 2176 3895 m.
2236 3826 2359 3896 Tri
2417 3809 2609 3897 Cuke
2675 3868 2763 3877 —
2826 3827 3044 3899 Stara

659 3947 982 4019 Planina.

870 4066 963 4139 A.
1023 4069 1315 4138 cine-rea
1344 4088 1434 4137 m.
1491 4067 1853 4155 Perennis,
1896 4069 2224 4157 adpresse
2283 4067 2561 4138 cinereo
2618 4074 3040 4151 tomentosa;

657 4189 1046 4261 rhizomate
1068 4190 1502 4279 liguescente
1530 4191 1902 4259 emittente
1931 4208 2163 4259 ramos
2185 4189 2429 4259 breves
2449 4186 2736 4257 foliatos
2766 4208 2848 4257 ac
2872 4207 3034 4257 cau-

656 4309 760 4381 les
818 4311 1315 4381 adscendentes
1373 4310 1733 4400 simplices
1812 4310 2006 4380 ultra
2085 4310 2385 4379 medium
2469 4307 2779 4395 foliosOS,
2845 4306 3042 4380 foliis

655 4431 1089 4502 radicalibus
1147 4453 1223 4501 ac
1281 4430 1739 4502 inferioribus
1826 4431 2124 4500 caulinis
2165 4430 2379 4519 longe
2435 4428 2833 4519 petiolatis,
2891 4452 3036 4500 am-

654 4551 815 4622 bitu
852 4553 1107 4639 ovatiS,
1163 4552 1462 4623 caulinis
1513 4551 1878 4622 sessilibus
1909 4550 2364 4640 spathulatis,
2399 4550 2713 4620 omnibus
2750 4551 2824 4619 in
2863 4550 3036 4620 laci-

649 4675 812 4743 nias
844 4670 1109 4743 ‘breves
1190 4672 1525 4761 oblongas
1589 4672 1878 4743 obtusas
1932 4672 2454 4761 pinnatisectiS,
2519 4669 2856 4759 capitulis
2906 4692 3022 4741 ra-
