3532 5426
2890 628 2966 693 41

798 835 871 908 S.
929 836 1017 910 N
1022 835 1428 909 ebroniensis
1483 838 1564 909 L.
1620 839 1704 909 In
1759 840 2033 912 saxosis
2088 859 2179 909 m.
2237 838 2444 913 Vites
2498 846 2570 912 et
2623 860 2716 911 m.
2774 838 2970 910 Rilo.

794 976 864 1048 S.
924 978 1292 1050 erraticus
1347 977 1546 1050 Bess.
1619 977 1704 1048 In
1758 977 1970 1050 fossis
2028 998 2108 1048 ac
2166 979 2482 1051 salicetis
2556 1002 2774 1070 prope
2839 978 2975 1050 Sa-

485 1121 491 1129 ·
586 1100 859 1172 mokoV.

791 1222 867 1292 S.
910 1221 1386 1310 errucifolius
1426 1223 1505 1294 L.
1562 1222 1647 1293 In
1693 1222 2053 1294 fruticetis
2093 1223 2219 1294 sub
2256 1222 2435 1293 colle
2472 1220 2708 1296 Vrska
2747 1203 2970 1291 Ouka.

794 1361 865 1431 S.
924 1357 1337 1432 crubescens
1392 1382 1546 1433 nov.
1605 1382 1788 1450 spec.
1873 1359 2233 1447 Perennis,
2288 1381 2501 1449 parce
2558 1378 2961 1444 araneOSUS,

583 1480 821 1551 radice
875 1481 1163 1571 obliqua
1192 1481 1373 1552 collo
1429 1483 1831 1553 incrassato
1886 1480 2159 1551 rosulas
2217 1478 2631 1551 subsessiles
2686 1485 2760 1548 et
2798 1498 2961 1548 cau-

585 1600 687 1673 les
740 1610 1013 1675 erectos
1070 1605 1422 1693 simplices
1481 1610 1606 1675 ant
1663 1624 1877 1692 supra
1928 1604 2230 1673 medium
2283 1602 2678 1672 dichotome
2732 1614 2966 1673 ramo-

586 1741 701 1792 sos
755 1723 1292 1814 olygocephalus
1347 1724 1619 1810 edente,
1677 1721 1875 1794 foliis
1907 1722 2339 1793 radicalibus
2378 1721 2804 1810 longiuscule
2845 1744 2967 1812 pe-

590 1842 873 1914 tiolatis
931 1846 1162 1914 ovatis
1220 1851 1344 1915 aut
1429 1844 1875 1916 subcordatis
1961 1844 2291 1915 indivisis
2354 1844 2670 1932 margine
2722 1864 3002 1933 grosse-

588 1971 864 2035 serrato
918 1965 1259 2054 dentatis,
1315 1967 1614 2038 caulinis
1653 1967 1915 2056 lyratis
1966 1972 2088 2037 aut
2145 1962 2594 2056 pinnatifidis
2647 1985 2799 2035 cum
2862 1965 2967 2036 la·

582 2084 794 2155 ciniis
833 2085 1157 2176 oblongis
1197 2094 1459 2159 remote
1515 2089 1833 2158 dentatis
1875 2093 1996 2157 aut
2028 2088 2299 2174 incisis,
2343 2086 2685 2176 supremis
2725 2085 2966 2157 oblon-

580 2204 696 2292 gis
728 2213 850 2275 aut
880 2205 1291 2295 linearibus,
1314 2209 1642 2298 integris,
1674 2207 2015 2297 capitulis
2033 2206 2500 2278 mediocribus
2520 2205 2965 2296 hemisphae-

522 2334 539 2345 “
588 2325 787 2413 ricis,
840 2326 1184 2399 involucri
1214 2328 1478 2419 phyllis
1513 2329 2072 2402 fuscescentibus
2108 2327 2494 2399 linearibus
2525 2328 2969 2400 acuminatis,

589 2451 969 2535 squammis
1026 2453 1267 2539 paucis
1322 2451 1707 2525 linearibus
1742 2450 2105 2523 involucro
2162 2451 2454 2521 dimidio
2486 2448 2958 2538 sublongiori·

597 2566 724 2640 bus
766 2570 1096 2658 suffultis,
1152 2571 1395 2661 ligulis
1425 2574 1757 2662 expansis
1792 2573 2256 2658 aurantiacis,
2314 2569 2625 2641 acheniis
2662 2568 2961 2660 glabris,

799 2705 987 2780 Hab.
1043 2710 1118 2780 in
1172 2710 1526 2782 montanis
1565 2709 1987 2782 elatioribus
2045 2708 2194 2782 sub.
2250 2728 2341 2777 m.
2413 2706 2538 2779 Tri
2613 2688 2806 2778 Cuke
2867 2745 2959 2760 -—
3039 2772 3057 2787 ,

578 2823 796 2897 Stara
849 2827 1172 2917 Planina,
1245 2850 1337 2900 m.
1396 2829 1603 2904 Vitos
1656 2839 1730 2901 et
1784 2851 1875 2900 m.
1917 2830 2109 2901 Rilo.
2166 2829 2634 2901 Intermedius
2691 2826 2761 2899 S.
2818 2825 2949 2898 Ja-

580 2946 833 3019 cobeae
886 2955 960 3020 et
1016 2948 1089 3021 S.
1131 2950 1680 3040 Transylvanico
1715 2951 1909 3041 cujus
1976 2950 2194 3022 flores
2233 2951 2653 3020 immitatur.
2712 2946 2962 3019 Gaules

589 3064 785 3139 1—2
842 3069 1127 3158 pedales
1186 3072 1377 3142 senio
1428 3077 1509 3142 ut
1563 3076 1637 3142 et
1692 3070 1941 3161 phylla
2005 3070 2324 3142 anthodii
2408 3052 2815 3142 lilascenti-
2842 3068 2949 3139 fu-

584 3195 996 3278 scescentes,
1049 3190 1270 3263 flores
1309 3193 1610 3282 primum
1667 3193 2005 3279 aurantii,
2063 3192 2352 3271 tanddm
2404 3192 2631 3262 crocei
2689 3190 2827 3259 imo
2885 3189 2962 3258 in

583 3308 1102 3398 exemplaribus
1160 3312 1244 3383 de
1297 3334 1389 3384 m.
1447 3311 1617 3385 Rilo
1674 3313 1999 3384 coccinei.

714 3519 719 3523 ,
790 3446 863 3517 S.
891 3446 1383 3539 Carpathicus
1422 3450 1639 3522 Herb.
1674 3450 1757 3520 In
1794 3450 2110 3520 herbidis
2152 3447 2529 3519 altioribus
2566 3467 2657 3517 m.
2702 3445 2962 3537 Vraija

582 3562 831 3653 Glava,
890 3566 1015 3637 Tri
1074 3550 1291 3658 Ouke,
1348 3576 1421 3641 et
1475 3570 1765 3660 Kopren
1825 3613 1918 3623 —
1977 3570 2192 3642 Stara
2245 3570 2569 3640 Planina.

790 3705 863 3776 S.
904 3704 1313 3798 paludosus
1367 3708 1447 3779 L.
1505 3708 1589 3777 In
1647 3709 2046 3799 spongiosis
2100 3727 2191 3777 m.
2250 3704 2479 3778 Vitos.

793 3846 870 3918 S.
926 3847 1366 3919 nemorensis
1415 3847 1496 3918 L.
1554 3848 1639 3919 In
1679 3846 2051 3938 sylvaticis
2104 3866 2195 3916 m.
2238 3845 2567 3934 Tupanac
2611 3886 2704 3898 --
2745 3844 2962 3916 Stara
3067 3824 3072 3829 ’

578 3964 885 4038 Planina
947 3974 1022 4039 et
1073 3989 1165 4039 m.
1199 3968 1412 4039 Rilo.

789 4087 862 4160 S.
924 4088 1296 4160 Othonmoe
1366 4089 1532 4162 ΜΒ.
1616 4092 1700 4162 Ιιι
1788 4089 2064 4161 saxosis
2147 4086 2617 4177 sylvestribus
2703 4084 2962 4157 Velika

578 4204 830 4280 Glama
897 4248 989 4262 —-
1046 4210 1249 4283 collis
1305 4208 1593 4282 Serbiae
1651 4232 1732 4282 ac
1787 4210 2128 4300 Bulgaria
2181 4207 2495 4280 finitimi.

787 4329 862 4401 S.
919 4330 1350 4423 campestris
1403 4330 1609 4429 RetZ.
1665 4330 1750 4401 In
1805 4330 2086 4418 pascuis
2141 4327 2642 4399 excelsioribus
2695 4347 2787 4396 m.
2829 4324 2955 4399 Vi-

577 4446 716 4534 tos3
772 4449 996 4522 lectus
1051 4450 1449 4522 defloratus
1504 4450 1666 4522 hinc
1722 4449 1994 4522 dubius.

787 4568 860 4642 S.
914 4567 1241 4642 Anchari
1295 4569 1442 4642 DC.
1495 4571 1578 4640 In
1634 4570 1909 4641 saxosis
1965 4568 2378 4658 praeruptis
2417 4567 2756 4637 orientem
2809 4587 2959 4636 ver-

587 4686 695 4756 sis
745 4707 836 4756 m.
894 4687 1179 4759 Midior
1236 4681 1337 4741 -’
1388 4690 1603 4761 Stara
1656 4681 1984 4760 Planina.

522 4861 597 4908 6
