3532 5426
299 536 612 610 '-24

687 848 692 853 ,
739 759 1124 847 Medicayo
1181 757 1466 844 falcata
1518 759 1603 829 L.
1658 760 1743 829 In
1782 761 2067 849 pascuis
2125 761 2319 831 circa
2374 758 2586 832 Sofia.

738 882 850 953 M.
907 881 1252 972 lupulina
1299 883 1382 954 L.
1437 881 1604 955 Cum
1659 885 1919 973 priore.

737 1003 847 1073 M.
904 1002 1340 1074 orbicularis
1393 1003 1538 1074 All.
1607 1005 1690 1073 In
1745 1007 1935 1110 arvis
1992 1004 2116 1075 sub
2161 1004 2340 1073 colle
2400 999 2645 1073 Vrska¹
2682 986 2904 1073 Ouka.

732 1138 847 1212 M.
906 1139 1231 1210 Gerardi
1287 1138 1402 1209 W.
1459 1140 1551 1212 K.
1636 1142 1721 1211 In
1776 1142 2047 1230 asperis
2118 1141 2322 1212 collis
2379 1139 2623 1212 Vrska
2680 1122 2902 1211 Ouka.

743 1281 848 1352 M.
905 1278 1280 1351 maculata
1350 1278 1432 1349 L.
1508 1279 1590 1347 In
1644 1281 1878 1368 pratis
1936 1281 2062 1351 sub
2138 1281 2317 1379 colle
2377 1279 2619 1350 Vrska
2678 1262 2901 1351 Ouka.

734 1419 848 1491 M.
907 1418 1216 1489 minima
1268 1417 1466 1488 Lam.
1516 1418 1600 1487 In
1639 1422 1909 1508 asperis
1949 1440 2162 1508 supra
2199 1421 2604 1507 Dragoman
2642 1417 2903 1506 BogaZ.

749 1537 1167 1629 Triyonella
1206 1538 1724 1629 Monspelliaca
1779 1539 1862 1610 L.
1922 1537 2091 1611 Cum
2144 1542 2401 1629 priore.

741 1658 1122 1734 Melilotus
1181 1655 1346 1728 alba
1403 1659 1606 1729 Desr.
1665 1659 1747 1727 In
1803 1661 2035 1748 pratis
2095 1661 2182 1731 ad
2238 1659 2605 1730 SamokOV.

740 1781 853 1853 M.
910 1779 1288 1877 officinalis
1342 1780 1548 1850 Desr.
1623 1780 1823 1849 Inter
1896 1787 2171 1870 segetes
2228 1802 2440 1883 supra
2510 1781 2914 1871 Dragoman

533 1905 791 1993 Bogaz.

749 2019 1149 2105 Trifolium
1197 2019 1561 2110 pallidum
1618 2018 1732 2090 W.
1791 2020 1884 2092 Κ.
1942 2022 2026 2091 In
2080 2026 2312 2112 pratis
2370 2026 2493 2096 sub
2552 2024 2728 2095 colle
2770 2023 2908 2094 Vr-

535 2147 669 2217 ska
727 2128 947 2217 Cuka.
2806 2174 2809 2176 ’

750 2262 875 2335 Tr.
925 2267 1267 2354 pratense
1319 2262 1401 2333 L.
1458 2263 1542 2331 In
1597 2266 1828 2351 pratis
1888 2264 2011 2334 sub
2068 2286 2157 2334 m.
2217 2264 2464 2336 Ravno
2520 2266 2774 2355 But-je..

751 2385 877 2458 Tr.
934 2384 1249 2456 medium
1301 2385 1383 2456 L.
1441 2385 1525 2455 In
1581 2385 2045 2474 sylvestribus
2107 2389 2232 2458 sub
2286 2409 2375 2457 m.
2435 2387 2627 2458 Rilo.

752 2507 878 2579 Tr.
939 2506 1253 2598 alpestre
1304 2505 1386 2576 L.
1461 2506 1544 2574 In
1618 2508 1900 2595 pascuis
1983 2508 2450 2579 orientalibus
2523 2530 2613 2577 m.
2674 2508 2913 2578 Vites.

751 2627 874 2699 Tr.
930 2624 1419 2698 ochroeeucum
1474 2626 1556 2697 L.
1613 2629 1696 2698 In
1749 2629 2064 2700 herbidis
2103 2628 2208 2700 m.
2269 2628 2505 2700 Vites.
2947 2616 2950 2618 ’

753 2748 876 2820 Tr.
933 2749 1212 2819 hirtum
1267 2748 1412 2818 All.
1494 2747 1607 2819 Ad
1662 2752 2013 2839 margines
2094 2754 2251 2822 viae
2324 2753 2512 2820 inter
2591 2752 2912 2823 Dubnica
2973 2794 2977 2798 <

536 2880 613 2944 et
666 2875 892 2943 vicum
945 2870 1135 2941 Rilo.

753 2993 879 3063 Tr.
941 3011 1241 3063 arvense
1290 2990 1372 3061 L.
1432 2990 1516 3060 In
1572 2993 1840 3079 campis
1897 2994 2091 3061 circa
2149 2990 2354 3063 Sofia.

756 3115 880 3187 Tr.
937 3115 1300 3185 striatam
1355 3113 1437 3184 L.
1513 3115 1595 3183 In
1649 3116 1933 3203 pascuis
1991 3116 2115 3186 sub
2173 3116 2351 3186 colle
2395 3116 2636 3188 Vrska
2693 3101 2914 3188 Ouka.

756 3253 880 3325 Tr.
962 3253 1476 3343 trichapterum
1559 3253 1771 3324 Pane.
1857 3255 1939 3323 In
2024 3256 2296 3326 saxosis
2374 3277 2586 3345 supra
2667 3278 2911 3326 coeno-

540 3380 724 3449 bium
785 3376 974 3445 Rilo.
1602 3459 1607 3462 .
1905 3466 1909 3470 .

757 3494 881 3566 Tr.
922 3491 1246 3566 scabrum
1285 3493 1368 3564 L.
1425 3494 1509 3564 In
1548 3495 1820 3582 asperis
1862 3495 2126 3583 apricis
2168 3495 2373 3566 collis
2415 3495 2655 3568 Vrska
2694 3480 2914 3582 Ouka,

762 3616 888 3688 Tr.
940 3621 1367 3685 monta-num
1418 3614 1501 3685 L.
1572 3616 1654 3684 In
1712 3618 1990 3706 pascuis
2045 3636 2135 3684 m.
2199 3615 2436 3687 Vites.

756 3738 882 3809 Tr.
936 3758 1188 3828 repens
1241 3736 1324 3807 L.
1381 3737 1465 3805 In
1519 3736 1732 3808 fossis
1792 3737 1879 3806 ad
1935 3734 2299 3807 Garibrod.

762 3877 887 3950 Tr.
946 3872 1327 3965 hybridam
1379 3874 1461 3944 L.
1545 3898 1693 3945 var.
1778 3874 2248 3944 Anatolicum
2307 3872 2547 3944 Boiss.
2627 3873 2709 3960 In
2761 3875 2919 3944 udis

548 3997 1048 4070 excelsioribus
1101 4018 1192 4066 m.
1249 3995 1532 4066 Midior
1587 4004 1659 4066 et
1714 4018 1805 4065 m.
1863 3995 2055 4065 Rilo.

763 4135 888 4207 Tr.
949 4135 1235 4226 elepans
1290 4134 1448 4206 SaV.
1531 4136 1645 4205 Ad
1697 4136 2049 4224 margines
2105 4133 2260 4201 viae
2333 4133 2521 4201 inter
2579 4130 2920 4203 Garibrod

545 4265 622 4330 et
676 4257 1008 4328 Slivnica.

763 4377 889 4448 Tr.
944 4378 1357 4470 spadiceum
1410 4378 1492 4449 L.
1549 4379 1632 4449 In
1688 4378 2085 4468 spongiosis
2133 4397 2222 4446 m.
2264 4376 2555 4464 Kopren
2588 4413 2677 4425 -—
2713 4370 2924 4441 Stara

550 4501 875 4588 Planina,
930 4522 1020 4570 m.
1080 4502 1291 4571 Vites
1341 4512 1415 4571 et
1469 4522 1556 4570 m.
1614 4500 1806 4570 Rilo.
1866 4498 2198 4588 Capitula
2254 4498 2468 4567 solito
2521 4496 2817 4564 minora.

768 4620 891 4691 Tr.
944 4621 1234 4692 badium
1291 4621 1576 4692 Schreb.
1635 4621 1718 4690 In
1772 4621 2056 4709 pascuis
2108 4618 2265 4688 udis
2305 4618 2430 4688 sub
2485 4637 2575 4684 m.
2614 4614 2921 4685 Midffior.
