3532 5426
489 546 578 610 26.

696 758 790 830 L.
844 757 1224 850 sylvestris
1276 755 1361 827 L.
1419 757 1502 827 In
1557 756 1878 829 salicetis
1934 779 2152 848 prope
2209 757 2579 828 SamokoV.

701 895 968 970 Orobus
1021 917 1285 970 vernus
1337 897 1422 968 L.
1480 899 1563 969 In
1618 898 1990 987 sylvaticis
2057 896 2262 967 collis
2349 895 2588 967 Vrska
2646 879 2868 969 Cuka.

692 1038 751 1110 Ο
808 1038 1012 1111 albus
1065 1038 1147 1109 L.
1205 1040 1289 1110 In
1343 1040 1646 1111 dumetis
1704 1039 1910 1110 collis
1951 1037 2192 1108 Vrska
2231 1019 2455 1109 Ouka.

1337 1274 1824 1358 Amygdaleae
1870 1282 1905 1342 J
1910 1298 2028 1340 uss.

697 1470 1002 1541 I’runus
1050 1471 1343 1560 spinosa
1395 1469 1479 1541 L.
1537 1472 1620 1542 In
1675 1472 1980 1544 dumetis
2037 1475 2163 1545 sub
2216 1494 2306 1543 m.
2369 1473 2608 1544 Vitos.

710 1609 825 1679 Pr.
886 1608 1239 1680 Mahaleb
1291 1609 1373 1679 L.
1432 1609 1515 1679 In
1571 1611 2013 1698 rupestribus
2088 1611 2293 1682 collis
2352 1610 2591 1682 Vrska
2648 1591 2870 1680 Ouka.

1394 1866 1758 1932 Bosaccae
1806 1872 1964 1929 Juss.
1989 1922 1994 1941 ,

697 2006 1028 2115 Spiraea¹
1063 2023 1436 2112 ulmifolia
1491 2025 1694 2116 Scop.
1781 2026 1865 2096 In
1920 2029 2221 2099 dumetis
2285 2026 2869 2098 meridionalibus

486 2168 577 2217 m.
642 2147 881 2219 Vitos.

699 2287 822 2374 Sp.
879 2285 1233 2356 Aruncus
1285 2286 1370 2357 L.
1430 2287 1511 2355 In
1567 2287 1939 2376 sylvaticis
1997 2287 2085 2357 ad
2141 2287 2368 2356 rivum
2423 2287 2613 2358 Rilo.

693 2427 812 2518 Sp.
854 2422 1224 2498 .Ulmaria
1275 2428 1358 2498 L.
1415 2428 1497 2498 In
1551 2429 1978 2499 rivularibus
2033 2450 2123 2498 m.
2187 2428 2422 2499 Vitos.

694 2565 815 2656 Sp.
851 2562 1349 2654 Filipendula
1400 2566 1483 2637 L.
1538 2569 1624 2638 In
1679 2571 1912 2657 pratis
1969 2569 2093 2640 sub
2151 2568 2331 2639 colle
2373 2566 2605 2637 Vrska
2642 2548 2865 2637 Cuka.

694 2704 925 2776 Geum
977 2705 1342 2778 urbanum
1393 2706 1477 2778 L.
1518 2708 1618 2779 ·In
1670 2709 1974 2780 dumetis
2059 2707 2263 2779 collis
2351 2705 2585 2777 Vrska
2642 2687 2865 2778 Cuka.

692 2844 780 2916 G.
837 2845 1073 2916 rivale
1124 2811 1234 2917 L.
1266 2847 1349 2917 In
1406 2849 1832 2920 rivularibus
1886 2869 1977 2917 m.
2035 2847 2346 2937 Kopren,

691 2984 780 3055 G.
836 2987 1231 3060 coccineum
1286 2989 1515 3061 Sibth.
1605 2992 1690 3061 In
1743 2991 2170 3077 rivularibus
2224 2974 2314 3058 m.
2400 2987 2714 3078 Kopren,
2768 3005 2863 3054 m.

489 3107 704 3177 Vitos
760 3115 834 3178 et
888 3129 979 3180 m.
1036 3110 1228 3217 Ri10.

694 3245 783 3317 G.
839 3254 1139 3339 reptans
1192 3251 1276 3322 L.
1334 3252 1416 3322 In
1475 3253 1979 3324 excelsioribus
2042 3273 2133 3322 m.
2191 3211 2381 3321 R'ilo.

693 3383 781 3454 G.
820 3394 1233 3459 montanum
1285 3390 1369 3461 L.
1426 3392 1511 3461 In
1547 3393 1829 3480 pascuis
1870 3390 2379 3461 excelsioribus
2419 3409 2509 3457 m.
2549 3387 2865 3477 Kopren,

483 3529 575 3578 m.
636 3508 849 3579 Vitos
905 3515 978 3584 et
1031 3532 1122 3579 m.
1163 3511 1355 3582 Rilo.

696 3649 756 3717 G
817 3647 1315 3736 Bulyaricum
1370 3674 1526 3722 nov,
1584 3674 1771 3743 spec.
1832 3650 2162 3723 Gaulibus
2238 3653 2499 3722 erectis
2557 3672 2598 3721 a
2634 3650 2862 3720 medio

487 3771 888 3842 dichotome
943 3776 1241 3845 ramosis
1301 3773 1500 3845 3-7
1554 3775 1779 3862 floris,
1838 3776 2031 3846 foliis
2087 3769 2521 3845 radicalibus
2578 3774 2860 3863 lyratiS,

487 3900 848 3982 segmento
932 3898 1288 3968 terminali
1372 3900 1676 3968 maximo
1779 3877 2142 3969 reniformi
2253 3897 2553 3967 lobatim
2637 3897 2863 3966 inciso

486 4016 800 4103 margine
841 4023 1131 4087 crenato
1172 4018 1488 4106 dentatO,
1531 4019 1951 4089 lateralibus
1986 4019 2278 4088 minutis
2319 4016 2861 4106 subaequalibus

488 4132 810 4224 oblongis
868 4144 991 4208 aut
1045 4140 1449 4210 rotundatis
1507 4141 1806 4229 integris
1865 4146 1987 4210 aut
2040 4141 2358 4228 margine
2438 4136 2862 4208 flabellatim

489 4256 766 4345 incisis,
825 4260 1122 4330 caulinis
1180 4262 1265 4331 ad
1323 4282 1717 4351 squammas
1773 4263 2086 4332 reductis
2144 4260 2465 4348 oblongis
2526 4265 2648 4329 aut
2701 4259 2852 4329 lan—

496 4376 795 4448 ceolatis
851 4379 1153 4468 integris
1211 4387 1334 4450 aut
1370 4383 1724 4471 pinnatim
1760 4383 2034 4467 incisiS,
2089 4380 2376 4451 floribus
2414 4379 2857 4463 nutantibus.

493 4496 803 4567 corollae
844 4499 1338 4588 cyathiformis
1381 4524 1417 4572 e
1450 4503 1693 4592 calyce
1732 4524 1979 4593 parum
2016 4521 2393 4573 emmersae
2431 4500 2696 4590 petalis
2755 4500 2855 4569 al-

485 4615 647 4687 bide
702 4616 1200 4693 flavicantibus
1278 4625 1629 4694 cuneatim
1684 4626 2064 4716 triangulis
2126 4621 2399 4712 angulis
2462 4622 2862 4697 rotundatis

1945 4947 2001 5008 Q
