3532 5426
2985 577 3070 636 23

893 787 983 858 G.
1031 768 1490 879 purpureum
1553 785 1693 857 Sm.
1750 787 1834 857 In
1891 789 2166 859 saxosis
2208 787 2411 859 collis
2453 787 2694 858 Vrska
2733 773 2951 860 Ouka.
3015 822 3016 825 ¹
3069 782 3072 787 ’

891 905 1256 976 Erodium
1290 903 1751 977 cimbarium
1806 904 2026 976 l'Her.
2084 907 2167 977 In
2197 909 2481 996 pascuis
2520 908 2712 977 circa
2750 906 2958 978 Sofia.

1480 1118 1983 1214 Gelastrineae
2029 1152 2101 1208 R.
2150 1150 2256 1208 Br.

887 1294 1297 1382 Evonymus
1350 1293 1783 1381 Europaeus
1838 1290 1919 1362 L.
1995 1291 2078 1361 In
2132 1290 2432 1360 dumetis
2488 1289 2614 1359 sub
2667 1309 2757 1357 m.
2818 1254 3067 1359 Vitos.

891 1413 983 1484 E.
1041 1432 1464 1484 verrucosus
1518 1410 1720 1501 Scop.
1796 1411 1879 1481 In
1933 1412 2207 1482 saxosis
2265 1410 2469 1481 collis
2528 1408 2767 1480 Vrska
2824 1390 3054 1480 Cuka.

1543 1629 1963 1696 R-hamneae
2009 1635 2082 1696 R.
2128 1635 2236 1693 Br.

885 1778 1025 1850 Rh.
1080 1777 1497 1850 cathartica
1547 1776 1629 1847 L.
1712 1777 1797 1847 In
1851 1777 2154 1846 dumetis
2210 1775 2340 1846 sub
2394 1795 2485 1844 m.
2544 1772 2781 1844 Vitos.

893 1897 982 1970 R.
1043 1900 1388 1992 tinctoria
1443 1895 1558 1967 W.
1617 1896 1710 1968 K.
1768 1897 1850 1966 In
1894 1897 2165 1967 saxosis
2205 1895 2410 1966 collis
2453 1893 2694 1965 Vrska
2737 1876 2957 1965 Cuka.

1462 2113 2086 2182 Terebinthaceae
2159 2119 2283 2179 DC.

896 2261 1096 2334 Rhus
1155 2261 1448 2335 Cotinus
1485 2261 1566 2333 L.
1625 2262 1727 2332 In·
1763 2264 2056 2333 saxosis·
2091 2282 2304 2351 supra
2358 2262 2763 2350 Dragoman
2800 2260 3068 2348 BogaZ..

1529 2480 2099 2583 Papilionaccae
2145 2485 2217 2543 L.

896 2625 1207 2697 Genista
1263 2624 1601 2696 tinctona
1653 2623 1735 2694 L.
1804 2624 1886 2692 In
1941 2625 2171 2712 pratis
2230 2624 2316 2694 ad
2382 2625 2607 2693 rivum
2661 2623 2868 2693 Iskra
2921 2642 3073 2693 non.

691 2748 936 2837 procul
993 2768 1036 2818 a
1091 2745 1298 2818 Sofia.
1466 2727 1472 2733 ”

891 2867 981 2940 G.
1037 2874 1282 2941 ovata.
1339 2865 1456 2937 W.
1488 2866 1580 2938 Κ.
1622 2867 1722 2937 ‘In
1771 2867 2087 2938 herbidis
2127 2867 2659 2938 demissioribus
2697 2888 2786 2935 m.
2828 2864 3073 2936 Vitos..

895 2987 984 3059 G.
1042 2967 1373 3059 scariosa
1430 2987 1594 3059 Viv.
1681 2988 1763 3058 In
1820 2990 2091 3059 saxosis
2146 3009 2237 3058 m.
2297 2987 2512 3059 Vitos
2587 2995 2661 3058 et
2714 3009 2803 3057 m.
2862 2987 3053 3058 Rilo.

894 3110 1185 3201 Cytisus
1222 3110 1608 3200 niyricans
1664 3109 1746 3181 L.
1806 3111 1889 3179 In
1942 3110 2247 3181 dumosis
2305 3110 2430 3181 sub
2486 3130 2576 3178 m.
2620 3108 2855 3179 Vitos.

893 3232 967 3305 Ο.
1024 3229 1473 3303 Austriaous
1528 3231 1611 3302 L.
1670 3232 1753 3300 In
1793 3232 2064 3320 asperis
2106 3252 2318 3322 supra
2356 3233 2762 3321 Dragoman
2800 3231 3068 3319 Bogaz.

887 3356 963 3425 O.
1021 3354 1394 3446 capitatus
1448 3351 1654 3441 Jacq.
1713 3353 1796 3421 In
1853 3352 2316 3447 sylvestribus
2371 3375 2462 3424 m.
2520 3353 2712 3425 Rilo.

899 3473 978 3545 G.
1037 3474 1372 3545 hirsutus
1428 3473 1510 3544 L.
1579 3474 1662 3543 In
1719 3475 1994 3545 saxosis
2050 3494 2139 3543 m.
2199 3474 2323 3544 Tri
2380 3458 2596 3547 Cuke.

716 3697 721 3703 Ι
895 3609 972 3680 Ο.
1033 3606 1568 3699 absynthioides
1623 3607 1670 3681 J
1677 3609 1882 3678 anka.
1941 3609 2027 3678 In
2080 3611 2472 3684 declivibus
2550 3616 2638 3685 ad
2693 3617 3059 3688 meridiem

685 3732 904 3802 versis
959 3753 1049 3800 m.
1106 3730 1274 3800 Rilo
1348 3732 1903 3819 copiosissimus.
1979 3733 2407 3820 Defloratus,
2466 3743 2579 3806 sat
2659 3737 2833 3807 bene
2899 3758 3067 3807 con-2

680 3852 875 3938 gruit
931 3874 1086 3924 cum
1140 3854 1527 3941 exemplari
1585 3874 1626 3921 a
1681 3850 1786 3923 Ol.
1845 3860 2128 3925 auctore
2185 3857 2719 3941 communicato,
2777 3864 3075 3946 praeter·

564 4053 567 4054 ᾗ
686 3965 1073 4045 ῐοῐῐιθηὶιιῐῐι
1129 3966 1497 4064 argyr'eum
1525 4029 1542 4060 ‚
1602 3973 1786 4062 quod
1841 3974 1916 4041 in
1970 3977 2170 4061 typ0‚
2229 3993 2318 4042 an
2357 3976 2604 4047 senio?
2659 3976 3066 4048 rufescenslj

895 4114 965 4184 C.
1016 4112 1399 4203 sayittalis
1453 4113 1537 4184 L.
1594 4114 1679 4183 In
1734 4114 2018 4201 pascuis
2074 4134 2165 4182 m.
2226 4114 2416 4184 Rilo.
2553 4201 2555 4203 V

902 4248 1164 4322 Onom’s
1239 4271 1490 4341 repens
1544 4250 1626 4322 L.
1685 4251 1769 4319 In
1826 4253 2095 4339 campis
2153 4253 2347 4321 circa
2403 4249 2607 4322 Sofia.

890 4385 1258 4478 Anthyllz's
1297 4387 1648 4480 Jaequim·
1704 4390 1924 4459 Kern.
1981 4389 2066 4458 In
2104 4389 2610 4462 excelsioribus
2664 4412 2755 4461 m.
2813 4390 3067 4460 Ravno

687 4500 920 4596 Buoje.

887 4630 981 4702 A.
1053 4626 1500 4703 Vulneraria
1554 4632 1637 4703 L.
1697 4635 1780 4703 In
1838 4636 2109 4724 asperis
2165 4655 2255 4704 m.
2301 4634 2537 4705 Vitos.
