3532 5426
630 575 709 637 46

839 784 908 855 Z
918 789 1233 876 acyntha
1286 807 1677 860 verrucosa
1731 784 1977 858 Gartn.
2034 786 2118 857 In
2174 785 2362 855 arvis
2420 785 2546 856 sub
2602 786 2754 856 vico
2809 784 3000 861 Rilo.

832 905 1227 997 Lasossris
1311 906 1537 999 bifida
1588 908 1737 980 vis.
1823 907 1905 977 In
1978 906 2258 977 saxosis
2337 925 2430 975 m.
2493 903 2738 977 vrska
2804 888 3004 976 siuks

614 1031 690 1095 et
744 1023 1031 1103 Goiema
1084 1025 1353 1101 Glama.

833 1148 1085 1240 Crepis
1128 1146 1408 1236 foetida
1447 1149 1529 1220 L.
1587 1149 1669 1218 In
1726 1148 2000 1238 asperis
2038 1167 2128 1217 m.
2173 1146 2403 1218 Vrska
2441 1129 2640 1218 Ouka
2678 1151 2752 1216 et
2791 1165 3002 1234 supra

619 1266 1016 1357 Dragoman
1071 1268 1326 1359 Bogaz,

826 1387 1077 1480 Crepis
1131 1395 1366 1461 setosa
1396 1389 1590 1460 Hall.
1650 1388 1731 1460 In
1772 1387 2147 1478 aggeribus
2203 1387 2329 1459 sub
2383 1408 2473 1456 m.
2516 1386 2748 1458 Vrska
2801 1367 3000 1457 Ouka

619 1516 692 1579 et
753 1529 966 1599 supra
1017 1510 1416 1600 Dragoman
1470 1510 1724 1601 Bogaz.
2669 1497 2678 1506 ⁵

831 1631 1086 1723 Crepis
1142 1627 1423 1701 biennis
1478 1632 1559 1703 L.
1617 1630 1703 1702 In
1757 1631 2060 1701 dumetis
2118 1630 2206 1700 ad
2264 1629 2586 1721 Vladaja.

829 1750 1076 1841 Crepis
1117 1751 1446 1843 pulchra
1501 1752 1580 1822 L.
1641 1751 1722 1822 In
1777 1751 1992 1822 cultis
2050 1752 2137 1822 ad
2196 1750 2562 1822 Garibrod.

822 1871 896 1941 Ο.
941 1871 1318 1963 paludosa
1370 1870 1649 1944 Monch.
1709 1871 1792 1942 In
1848 1874 2245 1962 spongiosis
2303 1892 2393 1941 m.
2452 1871 2683 1942 Vitos.

828 1989 949 2063 Gr.
1010 1992 1385 2064 viscidula
1438 1991 1676 2065 Frohl.
1766 1993 1851 2063 In
1911 1995 2211 2066 dumetis
2285 2015 2374 2064 m.
2442 1976 2640 2065 Strbi
2697 1991 2991 2065 Kamen.

833 2112 956 2184 Cr.
1012 2113 1474 2202 ⁸(Jrcmdiflora
1528 2113 1826 2184 Tausch.
1888 2112 1971 2184 In
2026 2116 2312 2203 pascuis
2368 2133 2459 2184 m.
2519 2112 2707 2184 Rilo.

827 2234 918 2305 H
923 2234 1281 2306 ieracium
1374 2232 1732 2306 Pilosclla
1788 2234 1866 2304 L.
1954 2235 2037 2305 In
2120 2236 2403 2324 pascuis
2486 2234 2993 2305 excelsioribus

617 2375 709 2424 m.
743 2353 857 2426 Sv.
916 2353 1207 2441 Nikola,
1263 2376 1352 2425 m.
1412 2354 1536 2426 Tri
1592 2336 1786 2426 Cuke
1824 2394 1915 2404 —-
1950 2354 2162 2426 Stara
2215 2354 2518 2425 Planina
2555 2361 2627 2425 et
2664 2377 2755 2425 m.
2801 2355 2988 2426 Rilo.

617 2474 959 2551 Formam
1002 2477 1221 2567 hujus
1288 2476 1640 2547 furcatam
1719 2476 1860 2545 imo
1947 2483 2021 2545 et
2100 2478 2297 2547 3--4
2366 2474 2636 2545 furcam
2690 2476 2833 2565 legi
2922 2478 2995 2546 in

615 2617 706 2666 m.
781 2597 1058 2669 Balkan
1129 2599 1409 2686 pascuis
1496 2597 1581 2666 ad
1654 2596 1937 2668 Krvave
2018 2596 2200 2667 Bare
2278 2618 2355 2667 ac
2433 2595 2535 2668 cl.
2616 2595 2992 2668 Uechtritz

480 2801 485 2808 .
615 2718 740 2787 sub
794 2720 1067 2789 nomine
1104 2718 1194 2788 H.
1239 2717 1659 2789 stoloniflori
1714 2717 2235 2805 communicavi,
2295 2719 2418 2803 sed
2463 2719 2551 2789 ab
2607 2740 2688 2789 eo
2739 2731 2819 2789 ut
2864 2740 2985 2789 va-

616 2841 840 2910 rietas
894 2839 985 2911 N.
1042 2839 1425 2912 Pilosellae
1480 2839 1864 2912 declarata.

821 2960 934 3031 H.
979 2958 1432 3053 praealtum.
1492 2959 1574 3030 In
1627 2959 1916 3048 pascuis
1971 2979 2058 3028 m.
2118 2960 2233 3031 Sv.
2293 2957 2582 3029 Nikola.

824 3079 937 3150 H.
986 3077 1473 3169 piloselloides
1520 3077 1747 3148 Koch.
1807 3078 1889 3148 In
1943 3078 2286 3168 glareosis
2344 3079 2469 3149 sub
2523 3073 2613 3148 m.
2674 3078 2862 3148 Rilo.

820 3199 934 3271 H.
991 3196 1361 3272 Sabinum.
1425 3199 1843 3288 Inpascuis
1897 3198 2314 3268 elatioribus
2379 3219 2465 3266 m.
2529 3199 2843 3287 Kopren.

824 3319 913 3390 Π.
996 3340 1177 3409 spec.
1255 3321 1455 3408 quasi
1533 3319 1954 3391 intermedia
2027 3320 2239 3389 inter.
2327 3322 2710 3390 sectionem
2788 3320 2984 3391 Pilo-

614 3440 833 3512 sellae
886 3448 960 3510 et
1013 3439 1366 3510 Aurellae.
1430 3439 1511 3510 In
1568 3439 1847 3511 collinis
1887 3442 2161 3529 asperis
2199 3461 2288 3512 m.
2324 3441 2533 3513 Brdo.
2584 3440 2859 3514 Colitur
2913 3445 2990 3513 in

611 3560 839 3631 horto.

672 3777 675 3780 Ι
819 3680 915 3751 H.
975 3702 1347 3750 murorum
1405 3681 1483 3752 L.
1546 3681 1627 3751 In
1684 3683 2152 3771 sylvestribus
2211 3686 2489 3755 saxosis
2542 3705 2631 3753 m.
2691 3685 2876 3757 Rilo.

766 3799 912 3975 Rfll.
970 3800 1364 3888 vulqatum
1420 3801 1640 3875 Koch.
1701 3804 1785 3875 In
1843 3805 2217 3893 sylvaticis
2282 3828 2372 3876 m.
2435 3806 2548 3877 Sv,
2593 3806 2859 3879 Nikola
2911 3818 2987 3880 et

607 3925 701 3973 m.
837 3926 957 3976 10.
2490 3926 2496 3934 '

820 4024 913 4095 H.
976 4023 1400 4094 Bam-anum
1441 4025 1727 4097 Uechtr.
1786 4029 1860 4096 in
1914 4028 2061 4099 litt.
2106 4030 2548 4119 Rosulatum,
2605 4031 2801 4105 foliis
2858 4055 2982 4123 pe·
3093 4055 3105 4065 ·

607 4145 890 4216 tiolatis
946 4145 1278 4233 elypticis
1306 4152 1570 4216 remote
1607 4146 1946 4236 dentatis,
2003 4152 2304 4221 caulium
2361 4152 2725 4234 sessilibus
2786 4176 2981 4244 ,pau-

609 4267 1047 4455 cissssensim
1102 4267 1178 4335 in
1208 4287 1600 4355 squammas
1651 4268 1963 4343 reductis
2006 4273 2303 4363 oblongo
2334 4275 2754 4348 lanceolatis
2786 4277 2986 4349 valde

610 4409 738 4456 acu
812 4387 1058 4474 inatiS‚
1138 4386 1452 4459 caulibus
1509 4389 1949 4478 simplicibus
2018 4403 2140 4465 aut
2196 4417 2409 4485 supra
2479 4398 2781 4470 medium
2835 4398 2981 4469 fur-

610 4507 795 4577 catis
857 4506 1052 4577 2-5
1111 4507 1453 4597 cephalis,
1536 4511 1872 4599 capitulis
1924 4518 2414 4607 mediocribus,
2469 4519 2803 4591 involucri
2874 4523 2985 4593 ni·

610 4630 957 4717 gricantis
1042 4633 1422 4720 squammis
1510 4635 1960 4705 acuminatim
2040 4640 2426 4725 protractis
2453 4695 2469 4725 ‚
2552 4640 2705 4728 ipso
2788 4641 2989 4730 apice
