3532 5426
2803 613 2879 674 63

499 914 570 985 Κ
711 812 1200 904 Coccoyossum
1297 814 1541 884 viride
1633 808 1917 887 Hartm.
2010 819 2092 888 In
2168 819 2676 903 excelsioribus
2787 843 2879 891 m.

575 937 813 1005 opren.
1586 930 1597 947 ‘

706 1038 1090 1130 Epipactis
1163 1041 1639 1130 microphylla·
1714 1039 1935 1111 Ehrh.
2017 1042 2100 1111 In
2183 1043 2553 1132 sylvaticis
2637 1045 2879 1115 Ravno

501 1140 736 1232 BuGJ'e.

1437 1292 1726 1362 Irideae
1772 1300 1927 1358 JuSS.

729 1422 990 1493 Crocus
1057 1418 1522 1492 Veluchcnsz's
1575 1420 1796 1491 Herb.
1852 1422 1937 1491 In
1972 1420 2289 1492 herbidis
2329 1421 2751 1496 elatioribus
2785 1434 2875 1494 m.

509 1545 793 1617 Midior
847 1551 922 1615 et
975 1566 1065 1614 m.
1125 1546 1246 1615 Tri
1304 1528 1497 1616 Ouke
1559 1585 1649 1596 -—
1711 1545 1926 1615 Stara
1980 1544 2303 1615 Planina.

623 1676 627 1680 ’
712 1666 861 1739 Iris
882 1664 1440 1738 Reichcnbachii
1460 1665 1687 1736 Heuff.
1712 1667 1797 1737 In
1820 1668 2097 1738 saxosis
2117 1666 2563 1737 m.Rasovati
2585 1665 2883 1736 Kamen.

710 1786 773 1858 I.
833 1771 1224 1875 varieyata
1277 1786 1360 1857 L.
1402 1787 1486 1856 In
1515 1789 1791 1858 saxosis
1822 1788 2129 1858 dumosis
2160 1787 2364 1857 collis
2397 1784 2632 1857 Vrska
2661 1770 2884 1859 Cuka.

710 1909 774 1978 I.
842 1905 1434 1979 Pseudo-Aemus
1497 1909 1570 1978 L.
1628 1908 1712 1978 In
1769 1908 2212 1996 palustribus
2273 1907 2359 1976 ad
2417 1888 2780 1979 Radomir.

711 2027 773 2097 Ι.
836 2025 1158 2098 Sibirica
1208 2025 1290 2095 L.
1363 2026 1447 2095 In
1502 2027 1738 2115 pratis
1798 2029 2143 2097 orientem
2217 2030 2442 2100 versis
2498 2051 2586 2101 m.
2646 2029 2887 2101 Vitos.

1377 2228 1837 2310 Asparageae
1887 2233 2048 2296 JUSS.

715 2379 1147 2465 Asparaqus
1202 2371 1637 2461 tenuifolius
1696 2374 1890 2444 Lam.
1948 2375 2032 2444 In
2090 2374 2559 2463 sylvestribus
2604 2374 2881 2444 saxosis

507 2517 599 2567 m.
661 2495 902 2568 Vrska
966 2480 1188 2569 Ouka.
2538 2597 2543 2603 ι

724 2618 1128 2709 Streptotus
1189 2615 1736 2708 amplexifolius
1770 2614 1916 2687 DC.
1972 2617 2057 2686 In
2096 2616 2487 2687 recessibus
2541 2616 2887 2686 umbrosis

508 2743 787 2829 rupium
842 2741 930 2810 ad
985 2741 1271 2811 boream
1323 2760 1680 2811 versarum
1732 2760 1825 2808 m.
1884 2738 2008 2809 Tri
2064 2721 2283 2811 C‘uke.

659 2860 1200 3037 Rssionvallaria
1255 2861 1707 2933 verticillata
1760 2862 1843 2932 L.
1930 2862 2012 2930 In
2091 2862 2324 2949 pratis
2408 2860 2881 2948 sylvestribus

510 2987 602 3035 m.
727 2989 752 3036 1
785 2987 847 3037 o.

721 3087 794 3157 C.
853 3085 1392 3177 Polysyonatum
1446 3085 1527 3156 L.
1585 3086 1668 3155 In
1725 3087 2002 3157 saxosis
2060 3086 2267 3156 collis·
2325 3082 2570 3155 Vrska
2609 3068 2831 3157 Ouka.

730 3208 808 3279 G.
865 3206 1163 3298 majalis
1216 3206 1299 3278 L.
1358 3208 1438 3276 In
1495 3208 1797 3277 dumetis
1852 3226 1942 3276 m.
2004 3206 2238 3276 Vitos.

1358 3425 1797 3493 Dioscoreae
1844 3431 1914 3488 R.
1964 3431 2069 3489 ΒΥ.

733 3572 1009 3641 Tamus
1064 3571 1465 3641 communis
1526 3569 1608 3640 L.
1669 3570 1752 3641 In
1812 3570 2113 3641 dumetis
2171 3568 2402 3640 Vrska
2441 3553 2661 3641 Ouka.

1314 3753 1328 3788 ‘
1441 3769 1812 3839 Liliaceae
1854 3777 1981 3835 DC.

732 3938 1014 4011 L‘ilium
1084 3938 1641 4032 Macedonicum
1718 3936 1902 4008 Gris.
1984 3937 2068 4007 In
2122 3939 2353 4027 pratis
2437 3937 2899 4025 sylvestribus

525 4062 650 4133 sub
705 4084 794 4131 m.
851 4064 1141 4133 Bukova
1197 4059 1438 4133 Glava.

735 4184 820 4254 L.
886 4186 1292 4273 Martayon
1345 4184 1427 4256 L.
1485 4186 1569 4256 In
1623 4183 1926 4255 dumetis
1984 4179 2195 4249 collis
2253 4177 2494 4250 Vrska
2550 4162 2770 4250 Ouka.

730 4303 1186 4395 Asphodelus
1250 4301 1459 4373 albus
1519 4305 1712 4376 Mill.
1797 4306 1880 4375 In
1947 4304 2247 4373 dumetis
2331 4302 2456 4373 sub
2536 4322 2628 4371 m.
2691 4301 2904 4371 Vitos

523 4444 740 4515 prope
800 4425 1139 4518 Vladaja.

726 4545 1219 4618 Anthericum
1272 4568 1649 4618 ramosum
1704 4547 1787 4619 L.
1845 4548 1928 4618 In
1987 4547 2252 4635 apricis
2310 4545 2586 4615 saxosis
2625 4564 2714 4613 m.
2760 4542 2901 4612 Vr-

535 4666 663 4736 ska
720 4649 940 4738 ouka.
