3532 5426
1719 1477 1799 1516 11

753 1633 1108 1689 ennean
1154 1588 1533 1690 Bassam!
1568 1607 1642 1690 'v
1689 1632 2194 1691 ByrAPcEOJ
2238 1626 2754 1704 HA'BEHKX*)

1191 1920 2072 2033 DIGOTYLEDONEAE
2126 1922 2170 1993 J
2176 1944 2315 1993 uss.

1347 2124 1953 2211 Ranunculaceae
1997 2131 2153 2187 Juss.

772 2319 1114 2393 Clematis
1195 2318 1474 2391 Vitalba
1527 2321 1609 2392 L.
1667 2321 1750 2390 In
1806 2321 2105 2391 dumetis
2161 2320 2288 2390 sub
2342 2340 2433 2389 m.
2494 2319 2731 2390 Vitos.

765 2445 1136 2533 Atraqene
1199 2438 1481 2532 Alpina
1557 2441 1641 2513 L.
1725 2441 1809 2510 In
1893 2441 2167 2511 saxosis
2251 2439 2753 2538 excelsioribus
2833 2463 2922 2512 m.

564 2565 809 2635 Ravno
874 2565 1115 2656 Bucje.
2712 2561 2717 2565 ’

774 2681 1230 2756 Τὴπῑὶοιναηα
1262 2680 1504 2754 minus
1525 2682 1606 2753 L.
1631 2684 1712 2752 In
1734 2682 2201 2773 sylvestribus
2223 2680 2424 2754 collis
2448 2681 2688 2755 Vrska
2710 2666 2932 2756 Ouka.

775 2803 908 2878 Th.
969 2801 1533 2896 anyustifolium
1586 2804 1793 2893 Jacq.
1877 2806 1957 2873 In
2013 2802 2247 2891 pratis
2303 2803 2429 2873 sub
2493 2824 2582 2873 m.
2641 2805 2932 2876 Bukova

563 2927 805 3000 Glava.
1428 3003 1457 3022 ι,

696 3097 703 3101 -
762 3046 1126 3117 Artemone
1166 3044 1672 3134 narcisse'flora
1703 3045 1785 3116 L.
1828 3048 1910 3115 In
1941 3046 2449 3118 excelsioribus
2479 3067 2569 3116 m.
2602 3045 2919 3136 Kopren.

764 3166 858 3242 A.
917 3166 1323 3239 Pulsatilla
1373 3166 1457 3238 L.
1524 3167 1607 3237 In
1663 3169 1962 3240 dumetis
2018 3167 2381 3267 sub-colle
2424 3167 2664 3239 Vrska
2704 3151 2926 3240 Ouka.

767 3288 1047 3361 Adonis
1102 3285 1426 3359 vernalis
1480 3288 1562 3357 L.
1646 3288 1729 3357 In
1787 3288 2068 3361 collinis
2127 3290 2389 3379 apricis
2474 3309 2687 3377 supra
2742 3290 2925 3359 Dra-

563 3435 814 3505 goman
867 3412 1128 3501 Bogaz.
2269 3477 2284 3494 ,

382 3535 421 3558 '*
771 3536 866 3603 A.
927 3527 1300 3601 aestivalis
1351 3528 1434 3600 L.
1495 3529 1692 3599 Inter
1746 3533 2016 3616 segetes
2074 3530 2161 3599 ad
2218 3526 2386 3598 Trn.

770 3649 1247 3725 Ramemulus
1288 3656 1638 3723 crematus
1695 3648 1811 3719 W.
1843 3647 1936 3720 K.
1969 3650 2051 3720 In
2079 3649 2581 3722 excelsioribus
2609 3671 2701 3720 m.
2737 3641 2940 3720 Rilo.

775 3771 863 3845 R.
922 3772 1414 3861 aconitifolius
1469 3772 1550 3844 L.
1607 3772 1690 3842 In
1746 3773 2213 3861 sylvestribus
2277 3794 2367 3843 m.
2427 3773 2676 3844 Ravno
2717 3773 2926 3866 Buoje
3059 3825 3108 3846 ...

559 3899 632 3962 et
679 3915 768 3964 m.
827 3893 1019 3965 Rilo.
2665 3963 2669 3968 .

655 4004 657 4006 ’
766 4012 858 4085 R.
915 4013 1349 4085 Mammula
1401 4014 1483 4084 L.
1541 4014 1625 4083 In
1679 4014 2074 4104 spongiosis
2131 4015 2258 4085 sub
2312 4036 2401 4085 m.
2463 4014 2763 4086 Streser.

562 4238 714 4327 &uk
763 4131 855 4205 R.
916 4134 1333 4206 auricomus
1385 4134 1469 4205 L.
1551 4136 1634 4205 In
1715 4135 2182 4224 sylvestribus
2238 4137 2364 4263 sub
2438 4136 2612 4206 colle
2690 4134 2929 4205 Vrska

721 4277 783 4326 a.

765 4375 857 4446 R.
929 4373 1270 4446 Villarsii
1324 4372 1471 4446 DC.
1554 4377 1639 4447 In
1691 4379 2136 4467 rupestribus
2200 4393 2291 4449 m:
2377 4378 2497 4449 Tri
2554 4363 2748 4452 Cuke
2828 4384 2924 4450 et.

557 4518 648 4569 m.
711 4497 899 4569 Rilo.

756 4701 806 4768 ²⁸)
844 4699 1083 4753 Plantae
1120 4700 1180 4754 in
1213 4701 1492 4770 Bulgaria
1529 4703 1883 4759 observatae.
1924 4706 1988 4762 V.
2028 4706 2101 4761 ad
2139 4708 2347 4763 calcem
2387 4713 2609 4764 notam.

1004 4809 1129 4866 2⁴2*-
