3532 5426
2758 605 2835 664 47

463 810 988 897 obtusiusculis,
1040 813 1298 884 mediis
1368 811 1685 901 margine
1717 811 1867 881 late
1924 811 2085 882 albo
2143 813 2506 899 scariosiS,
2562 814 2839 888 intimis

462 928 612 1001 fere
669 934 847 1004 totis
904 932 1191 1021 albidis,
1275 933 1518 1023 ligulis
1601 933 1839 1003 antice
1896 932 2196 1019 ciliatiS,
2255 931 2565 1006 acheniis
2629 934 2834 1008 atriS.

458 1050 951 1123 Indumentum
1033 1054 1342 1143 triplex,
1426 1053 1559 1155 pili
1642 1053 1837 1143 longi
1924 1054 2325 1126 concolores
2406 1056 2480 1125 in
2544 1036 2837 1144 petiolis

459 1171 791 1244 foliorum
877 1196 957 1245 ac
1014 1174 1354 1246 involucri
1438 1176 1819 1265 squammis
1904 1177 2363 1264 copiosioreS,
2449 1183 2835 1247 tomentum

463 1293 745 1366 brevius
826 1296 903 1364 in
981 1294 1179 1365 caule
1262 1314 1583 1384 sparsum
1684 1296 1759 1365 in
1841 1296 1992 1386 ejus
2074 1296 2270 1383 apice
2355 1315 2434 1364 ac
2496 1298 2835 1386 capitulis

467 1416 852 1503 copiosiuS,
909 1422 982 1485 et
1037 1415 1168 1504 pili
1225 1416 1585 1486 decolores
1642 1417 1716 1485 in
1773 1417 1969 1504 apice
2022 1415 2246 1486 caulis
2323 1437 2405 1486 ac
2453 1421 2841 1506 squammis

460 1537 805 1608 involucri
860 1539 1020 1609 basi
1079 1540 1248 1626 atri,
1309 1540 1508 1629 apice
1563 1538 2045 1628 glanduliferi.

667 1656 854 1729 Hah.
913 1661 987 1729 in
1041 1659 1487 1748 rupestribus
1552 1681 1642 1729 m.
1701 1659 1815 1735 Sv.
1872 1659 2164 1748 Nikola,
2219 1680 2310 1731 m.
2353 1660 2474 1731 Tri
2537 1643 2730 1733 Cuk'e
2768 1667 2841 1731 et

338 1787 343 1792 ’
455 1800 554 1849 m.
611 1778 802 1849 Rilo.

675 1880 1081 2001 Pronimum
1133 1899 1226 1971 H.
1284 1899 1659 1972 Schmidt-ii
1697 1900 1997 1972 Tausch.
2058 1922 2099 1971 a
2128 1921 2261 1989 quo
2293 1900 2533 1971 differt
2564 1905 2848 1970 statura

456 2018 788 2089 nonnihil
817 2020 1281 2109 depressiore,
1338 2020 1532 2092 foliis
1566 2022 1789 2092 caulis
1829 2020 2031 2111 longe
2071 2022 2523 2108 acuminatis,
2565 2042 2841 2111 squam-

454 2142 600 2211 mis
656 2142 1018 2211 invoducri
1078 2141 1510 2231 longioribus
1569 2164 1651 2213 ac
1707 2143 2114 2214 indumento
2156 2144 2243 2213 ad
2286 2144 2559 2231 apicem
2618 2141 2842 2213 caulis

459 2269 546 2333 et
610 2264 991 2351 squammis
1074 2261 1415 2333 involucri
1499 2262 1822 2333 decolore
1904 2262 2401 2352 glandulifero.
2505 2261 2847 2352 Comparo

469 2382 917 2471 exemplaria
944 2381 1037 2453 H.
1083 2381 1457 2456 Schmidtii
1497 2406 1535 2456 e
1585 2406 1797 2455 manu
1835 2383 1939 2456 Ol.
1978 2384 2355 2456 Hechtritz
2394 2384 2588 2456 lecta
2630 2404 2848 2472 prope

468 2503 710 2595 „Prag
745 2504 1001 2578 Felsen
1058 2525 1146 2576 an
1184 2504 1310 2574 der
1346 2503 1640 2574 Moldau
1692 2503 1805 2574 bei
1844 2502 2166 2593 Lipsic“;
2227 2504 2370 2575 alia
2427 2506 2674 2575 itidem
2720 2505 2843 2575 bo-

453 2627 741 2698 hemica
790 2629 873 2698 ad
915 2628 1166 2698 Znaim
1220 2625 1405 2697 lecta
1456 2627 1721 2697 habent
1803 2633 1881 2695 ut
1945 2631 2190 2697 nostra
2270 2626 2456 2716 pilos
2512 2607 2843 2737 vaolucri

460 2750 633 2821 basi
691 2758 910 2822 atros.

678 2868 793 2939 H.
847 2890 1187 2961 sparsum
1242 2869 1434 2940 Friv.
1521 2871 1602 2940 In
1656 2870 1977 2941 herbidis
2050 2843 2559 2939 excelsioribus
2640 2888 2846 2955 prae-

462 2990 722 3060 sertim
777 2989 1048 3060 saxosis
1132 2989 1357 3058 totius
1441 2994 1714 3061 tractus
1801 2989 2016 3061 Stara
2095 2990 2420 3076 Planina,
2507 3010 2547 3058 a
2603 2988 2850 3057 Ravno

465 3108 686 3199 Buoje
744 3110 828 3179 ad
869 3109 1109 3179 Dobro
1148 3108 1383 3197 Jutr0,
1422 3131 1511 3178 m.
1553 3109 1722 3181 Rilo
1765 3132 1843 3181 ac
1879 3131 1970 3180 m.
2006 3109 2214 3182 Vitos
2270 3110 2849 3198 copiosissimum.

680 3230 794 3301 H.
851 3250 1341 3301 marmoreum
1382 3230 1530 3301 Vis.
1590 3232 1649 3301 &a
1702 3231 1782 3302 P.
1838 3232 2137 3302 Plantae
2193 3229 2391 3301 Serb.
2453 3250 2594 3299 rar.
2651 3228 2724 3297 II
2779 3250 2846 3317 p.

470 3352 515 3421 6
585 3359 642 3422 t.
698 3351 822 3422 XI.
881 3352 961 3421 In
1019 3351 1464 3440 rupestribus
1521 3352 1862 3422 calcareis
1916 3373 2008 3421 m.
2069 3333 2267 3421 Strbi
2324 3349 2620 3419 Kamen.

685 3472 799 3544 H.
842 3493 1265 3562 pannosum
1296 3471 1526 3542 Boiss.
1587 3472 1670 3541 In
1724 3473 2169 3560 rupestribus
2230 3470 2356 3543 sub
2414 3469 2707 3558 Vrapce.

689 3597 782 3667 H.
826 3596 1401 3686 premanthoides
1442 3594 1608 3664 Vill.
1669 3595 1750 3664 In
1793 3595 2261 3684 sylvestribus
2290 3615 2380 3664 m.
2414 3595 2528 3665 Sv.
2563 3588 2632 3659 N
2637 3589 2851 3660 ikola.

682 3731 774 3803 H.
832 3730 1186 3803 crinitum
1242 3730 1382 3800 Sm.
1436 3729 1549 3801 Ad
1606 3752 1764 3802 oras
1797 3732 2154 3821 sylvarum
2187 3753 2278 3803 m.
2323 3733 2568 3803 Ravno
2611 3728 2848 3820 Bucje.

689 3869 781 3939 H.
826 3866 1108 3939 boreale
1147 3868 1373 3939 Fries.
1415 3869 1497 3938 In
1531 3868 1996 3957 sylvestribus
2037 3894 2077 3939 a
2115 3892 2205 3941 m.
2240 3871 2548 3940 Ivanova
2579 3868 2853 3938 Livada

460 3994 557 4064 ad
616 3992 864 4062 Ravno
921 3990 1159 4082 Bucje.

679 4112 791 4182 H.
822 4109 1303 4183 umbellatum
1334 4109 1417 4181 L.
1474 4111 1559 4180 In
1590 4109 1959 4198 sylvaticis
1988 4105 2121 4176 'sub
2155 4106 2329 4175 colle
2364 4103 2597 4176 Vrska
2630 4085 2829 4175 Ouka

1123 4433 1127 4438 ,
1230 4437 1234 4442 ,
1259 4347 1819 4415 Ambrosiaceae
1864 4351 2048 4410 Link.

684 4462 1094 4581 Xanthiam
1152 4507 1657 4581 Strumarium
1708 4508 1793 4579 L.
1825 4508 1944 4600 ,ln
1989 4504 2203 4601 fos-sis
2260 4502 2350 4572 ad
2408 4500 2748 4571 Slivnica.

526 4635 531 4644 ’
633 4629 785 4720 ³X.
841 4650 1209 4740 spinosum
1262 4650 1345 4721 L.
1403 4650 1487 4719 In
1542 4649 1811 4736 campis
1867 4646 2056 4715 circa
2110 4641 2322 4718 Sofia.
