3532 5426
442 574 621 652 52,

649 780 744 852 A.
800 778 1092 870 obliqua
1131 777 1290 850 Vis.
1348 778 1432 848 In
1485 757 1873 848 declivibus
1930 778 2204 847 saxosis
2240 776 2456 847 medii
2493 797 2584 846 m.
2625 777 2817 847 Rilo.

646 920 740 992 Α.
782 918 1206 991 Barrelierz‘
1261 914 1459 987 Besa
1516 917 1600 987 In
1666 917 1939 988 saxosis
2006 916 2209 987 collis
2286 914 2529 985 Vrska
2594 898 2817 987 Ouka.

648 1063 941 1132 Nonnea
981 1055 1198 1149 pulla
1251 1052 1399 1127 DC.
1483 1054 1595 1125 Ad
1655 1075 1979 1144 agrorum
2052 1056 2403 1145 margines
2461 1056 2587 1126 sub
2640 1054 2819 1126 colle

443 1182 684 1254 Vrska
744 1165 969 1254 Ouka.
1781 1289 1786 1295 ,

648 1301 1116 1394 Symphytum
1171 1296 1579 1370 tuberosum
1615 1298 1698 1369 L.
1755 1299 1841 1370 In
1897 1298 2273 1387 sylvatieis
2329 1297 2535 1369 eollis
2577 1297 2821 1368 Vrska

502 1426 666 1496 uka.

444 1409 499 1498 O
657 1534 969 1618 On'osma
1021 1542 1403 1615 stell-alata
1458 1541 1573 1613 W.
1632 1542 1724 1613 K.
1799 1542 1885 1613 In
1940 1543 2203 1614 arridis
2262 1562 2479 1631 supra
2534 1541 2812 1628 Drago-

441 1691 604 1741 man
657 1669 915 1757 Bogaz,

649 1788 971 1861 Echium
1054 1784 1361 1873 vulyare
1426 1783 1508 1854 L.
1592 1783 1674 1852 In
1758 1783 2033 1854 saxosis
2118 1804 2331 1872 supra
2405 1783 2817 1873 Dragoman

442 1912 544 1982 Bo
597 1932 701 1979 az.

546 1932 593 2000 g
654 2030 744 2101 E.
799 2023 1154 2100 Italicum
1207 2026 1289 2097 L.
1348 2027 1429 2097 In
1484 2027 1750 2115 eampis
1806 2024 2150 2114 glareosis
2208 2025 2402 2095 eirea
2447 2001 2811 2096 Samokov.

651 2166 1143 2240 Pulmonaria
1185 2163 1441 2254 affinis
1472 2164 1518 2237 J
1524 2166 1672 2236 ord.
1730 2166 1815 2235 In
1852 2166 2238 2237 declivibus
2279 2167 2551 2237 saxosis
2602 2166 2815 2236 medii

439 2314 531 2363 m·
587 2292 1196 2480 Rlll2f)·m0lissima
1232 2405 1450 2477 Kern.
1509 2407 1592 2476 In
1647 2406 2116 2495 sylvestribus
2174 2408 2299 2479 sub
2355 2407 2532 2479 colle
2573 2406 2815 2478 Vrska

439 2512 663 2601 Cuka.

642 2648 1228 2753 Lithospermum
1284 2668 1586 2721 arvense
1638 2648 1721 2720 L.
1796 2649 1880 2719 In
1939 2650 2208 2738 asperis
2286 2650 2550 2739 apricis
2608 2649 2811 2721 collis

288 2717 291 2724 *
435 2771 676 2844 Vrska
733 2754 963 2855 Ouka.

649 2892 999 2982 Myosotis
1039 2890 1425 2982 palustris
1492 2890 1719 2963 With.
1778 2893 1862 2962 In
1918 2892 2131 2962 fossis
2190 2893 2277 2962 ad
2333 2889 2665 2976 Slivniea‚
2723 2892 2806 2962 ad

433 3018 664 3105 ripam
719 3014 855 3083 rivi
910 3013 1120 3084 Iskra
1174 3034 1310 3083 non
1363 3014 1609 3102 procul
1669 3035 1708 3082 a
1765 3011 1978 3083 Sofia.

637 3150 751 3222 M.
792 3151 1157 3241 sylvatica
1192 3150 1450 3221 Hoffm.
1507 3152 1590 3223 In
1633 3150 2104 3240 sylvestribus
2158 3172 2248 3222 m.
2289 3152 2535 3222 Ravno
2572 3149 2806 3239 Bueje.

643 3273 754 3343 M.
812 3270 1251 3342 intermedia
1303 3272 1513 3374 Linlx.
1571 3273 1653 3342 In
1708 3272 2014 3343 dumetis
2072 3274 2266 3343 circa
2320 3271 2687 3344 Garibrod.

643 3393 755 3463 M.
796 3392 1093 3485 hispida
1132 3391 1358 3463 Schlt.
1415 3394 1497 3463 In
1540 3395 1812 3483 asperis
1854 3414 2068 3483 supra
2107 3394 2511 3483 Dragoman
2548 3393 2807 3483 BogaZ.

637 3531 753 3603 M.
809 3534 1074 3604 stricta
1143 3532 1353 3603 Link.
1431 3553 1576 3602 var.
1657 3531 2146 3622 speluneicola
2216 3531 2443 3603 Boiss.
2527 3532 2611 3603 In
2690 3553 2805 3601 ru·

436 3652 1194 3742 pestribusumbrosis
1251 3653 1440 3721 inter
1493 3651 1823 3740 Tupanae
1877 3658 1950 3721 et
2004 3671 2095 3720 m.
2154 3651 2277 3722 Tri
2335 3633 2551 3723 Ouke.

1339 3883 1694 3954 Solano‘ae
1741 3894 1779 3951 J
1782 3910 1902 3952 uSS.

647 4042 993 4120 Solan'um
1076 4049 1369 4139 myrum
1435 4049 1517 4119 L.
1605 4048 1717 4120 Ad
1801 4050 1986 4120 viam
2068 4051 2261 4120 inter
2316 4048 2658 4122 Caribrod
2739 4057 2812 4122 et

437 4170 771 4241 Slivnica.

648 4292 724 4360 S.
784 4289 1246 4362 Duloamara
1299 4291 1383 4363 L.
1440 4292 1524 4363 In
1582 4291 1796 4362 fossis
1850 4292 1938 4362 ad
1998 4291 2361 4364 Caribrod.

647 4411 1139 4500 Hyosciamus
1191 4412 1407 4501 niyer
1458 4412 1542 4484 L.
1598 4413 1681 4482 In
1736 4414 2094 4484 ruderatis
2152 4414 2238 4483 ad
2297 4412 2661 4486 Oaribrod.

643 4532 938 4602 Datum
992 4533 1492 4604 Stramonium
1546 4533 1629 4603 L.
1688 4532 1857 4604 Cum
1912 4536 2171 4623 priore.
