3532 5426
609 611 683 674 18

809 821 906 892 D.
962 843 1144 912 spec.
1205 822 1437 893 affinis
1493 821 1719 911 priori
1759 842 1842 891 ac
1881 821 1969 892 D.
2012 821 2453 911 stenopetalo
2483 820 2667 894 Gris.
2723 823 2808 893 In
2863 822 2980 891 de-

604 942 902 1014 clivibus
956 943 1272 1015 herbidis
1325 943 1538 1013 medii
1564 963 1657 1012 m.
1689 941 1882 1012 Rilo.
1939 940 2200 1012 Forma
2227 942 2635 1031 peculiariS‚
2667 949 2984 1015 staturae

604 1062 693 1133 D.
753 1063 1258 1150 atrorubentis,
1315 1063 1435 1133 sed
1489 1061 1807 1151 capitula
1865 1063 2184 1135 avellana
2244 1066 2545 1152 minora,
2603 1067 2983 1154 squammis

604 1183 818 1255 fuscis
874 1184 949 1253 in
1006 1184 1271 1253 aristas
1355 1182 1810 1272 aequilongas
1872 1184 2229 1274 abruptim
2294 1187 2705 1271 contractis,
2787 1186 2980 1275 caly-

602 1304 798 1375 cibus
855 1303 1053 1373 3--4
1110 1304 1233 1374 lin.
1263 1303 1521 1393 longis,
1552 1303 1698 1374 fere
1743 1302 1785 1373 2
1826 1304 1950 1376 lin.
1983 1306 2180 1393 latis,
2224 1306 2484 1396 petalis
2523 1307 2642 1376 vix
2677 1308 2984 1379 exsertis

602 1428 970 1516 purpureis
1001 1447 1213 1515 supra
1240 1426 1549 1496 breviter
1587 1424 1962 1514 papillosis
1994 1425 2067 1492 in
2097 1446 2391 1513 unguem
2428 1425 2781 1495 cuneatim
2814 1445 2977 1495 con-

605 1547 864 1617 tractis
922 1547 1156 1616 antice
1215 1552 1417 1616 acute
1502 1545 1844 1632 dentatiS,
1925 1544 2121 1615 foliis
2186 1544 2650 1633 difformibuS‚
2705 1545 2981 1616 radica-

601 1666 786 1737 libus
844 1666 1392 1756 augustioribUS‚
1448 1666 1882 1736 caulinorum
1919 1666 2196 1755 vaginis
2253 1663 2551 1736 laminas
2591 1665 2700 1734 ter
2729 1664 2983 1754 longis,

607 1786 710 1858 Ut
763 1784 1010 1858 novum
1066 1804 1449 1876 proponere
1505 1787 1735 1875 prima
1791 1787 2095 1855 intentio
2175 1791 2357 1871 erat,
2415 1785 2532 1856 sed
2589 1785 2979 1873 procrasti-

603 1910 791 1995 navi‚
846 1913 927 1977 ut
978 1907 1232 1997 planta
1285 1908 1360 1976 in
1412 1905 1695 1976 hortum
1734 1906 2093 1976 translata
2124 1905 2398 1995 plenius
2447 1906 2874 1996 exploretur.

817 2028 887 2100 N
891 2034 1089 2099 otare
1129 2027 1276 2098 fors
1298 2027 1606 2119 jubavit‚
1628 2048 1737 2097 me
1756 2026 1886 2097 illa
1911 2048 2086 2115 quae
2107 2026 2273 2096 olim
2292 2028 2365 2096 in
2386 2026 2804 2099 lectionibus
2835 2027 2981 2096 divi

608 2148 989 2220 Endlicher
1029 2152 1487 2265 notaveramx
1518 2149 1602 2218 de
1633 2148 2139 2238 dimorphismo
2195 2147 2548 2219 Dianthus
2583 2169 2618 2217 e
2675 2149 2983 2218 sectione

609 2270 1235 2342 Carthusianorum
1264 2270 1338 2338 in
1355 2270 1530 2341 meis
1587 2270 2274 2359 peregrinationibus
2313 2270 2516 2360 plene
2569 2266 2985 2339 confirmata

604 2398 968 2482 expertum
997 2412 1074 2460 ac
1101 2391 1352 2461 dudum
1383 2411 1791 2479 persuasum
1817 2411 1994 2476 esse,
2053 2392 2234 2480 quod
2267 2392 2353 2461 ad
2410 2395 2828 2485 completam
2854 2396 2978 2466 ha-

602 2532 755 2581 rum
792 2510 1176 2599 specierum
1230 2509 1776 2599 descriptionem
1813 2509 2081 2582 formae
2139 2512 2702 2603 androdynamae
2740 2521 2812 2586 et
2849 2536 2976 2605 gy·

603 2631 1136 2722 nodynamae*),
1162 2629 1387 2720 quoad
1409 2629 1749 2700 relativas
1773 2632 2085 2719 partium
2105 2632 2594 2722 dimensioneS‚
2620 2656 2843 2725 aequa
2863 2657 2977 2706 ra-

606 2754 797 2823 tione
817 2753 1081 2841 respici
1110 2751 1440 2837 debeant,
1465 2756 1543 2820 at
1570 2757 1642 2821 et
1660 2773 1838 2821 nunc
1860 2754 2105 2841 ignoro
2136 2794 2230 2805 —
2256 2776 2376 2825 nec
2401 2757 2489 2828 ab
2511 2758 2756 2828 amicis
2776 2757 2978 2827 litte-

605 2874 847 2959 rariis,
889 2892 1042 2942 cum
1074 2871 1323 2960 quibus
1381 2872 1464 2942 de
1495 2893 1575 2942 eo
1606 2875 2043 2960 questionem
2073 2875 2358 2946 institui
2397 2897 2634 2948 eruere
2663 2878 2853 2948 valui
2889 2917 2978 2930 —

606 2991 941 3081 quomodo
996 3011 1067 3061 se
1119 2991 1246 3061 hoc
1302 2993 1549 3063 obtuto
1603 2993 1864 3064 haheat
1904 2997 2398 3084 antiquissima
2438 3000 2772 3070 sectionis
2819 3019 2976 3087 spe-

602 3114 768 3198 cies,
825 3111 911 3181 D.
945 3110 1587 3201 Carthusianorum,
1618 3117 1813 3207 cujus
1870 3119 2117 3206 typica
2171 3118 2395 3189 forma
2451 3121 2632 3210 apud
2687 3141 2813 3191 nos
2842 3141 2981 3189 non

598 3233 886 3303 crescit.

665 3417 671 3422 .
812 3351 908 3422 D.
966 3352 1378 3425 Moesiacus
1435 3353 1563 3425 Vis
1595 3354 1653 3423 <lc
1685 3353 1764 3424 P.
1822 3355 1907 3425 In
1965 3358 2238 3427 saxosis
2277 3358 2744 3431 orientalibus
2771 3358 2978 3430 collis

609 3471 850 3542 Vrska
905 3454 1126 3543 Ouka.

813 3588 910 3661 D.
965 3591 1364 3681 yiyanteus
1418 3593 1663 3665 d'Urv.
1721 3596 1806 3666 In
1863 3597 2139 3667 saxosis
2176 3598 2515 3694 calcareis
2542 3600 2748 3671 collis
2779 3584 2978 3671 Strbi

600 3708 895 3781 Kamen.

813 3827 909 3900 D.
963 3829 1276 3919 gracilis
1331 3831 1469 3904 Sm.
1554 3834 1638 3904 In
1692 3839 2134 3926 rupestribus
2219 3862 2430 3930 supra
2508 3846 2732 3914 vicum
2789 3844 2975 3915 Rilo.

810 3997 860 4066 *)
901 3998 965 4050 In
1003 3999 1200 4065 planta
1238 4000 1667 4068 androdynama
1709 4005 1974 4059 bracteae
2013 4007 2288 4062 involucri
2344 4010 2657 4070 breviores,
2714 4011 2846 4065 hinc
2884 4028 2978 4065 ca-

599 4088 756 4156 lyces
794 4086 915 4156 (qui
950 4090 1010 4139 et
1048 4088 1308 4142 absolute
1349 4091 1661 4158 longiores)
1723 4108 1794 4146 ex
1850 4094 2141 4150 involucro
2198 4099 2381 4167 magis
2434 4097 2717 4161 emmer-si,
2776 4098 2975 4150 dentes

486 4183 491 4188 ’
597 4173 810 4242 calyini
859 4173 1171 4235 breviores,
1220 4177 1413 4243 petala
1449 4179 1669 4246 majora
1705 4181 2047 4247 profundius
2095 4183 2345 4248 dentata,
2386 4184 2535 4240 facie
2570 4186 2639 4255 (si
2680 4185 2975 4237 indumen-

600 4270 713 4315 tum
756 4260 946 4328 adest)
984 4261 1210 4329 longius
1248 4264 1455 4332 pilosa,
1493 4269 1735 4321 stamina
1775 4263 2266 4339 mamm-W
2297 4273 2530 4335 inclusa,
2592 4272 2801 4341 pistilli
2849 4273 2976 4326 bre·

595 4346 781 4399 viores
805 4362 933 4400 cum
965 4350 1104 4417 pilis
1138 4352 1537 4408 collectoribus
1558 4357 1932 4412 tenuioribus.
1960 4361 2023 4412 In
2053 4361 2253 4427 planta
2290 4363 2676 4432 gynodynamu
2718 4362 2978 4429 capitula

595 4432 836 4494 minora,
870 4436 1091 4505 calyces
1128 4439 1466 4511 profundius
1502 4440 1623 4496 fissi
1662 4444 1743 4507 (in
1773 4442 1956 4498 forma
1983 4446 2235 4500 orbelica
2275 4447 2476 4501 dentes
2517 4448 2636 4501 fere
2663 4449 2858 4502 tubum
2883 4464 2976 4502 ca·

594 4520 739 4588 lycis
762 4521 944 4590 longi)
983 4525 1175 4590 petala
1214 4526 1433 4580 minora
1459 4528 1642 4582 minus
1670 4531 1953 4597 profunde
1993 4532 2225 4586 dentata
2262 4534 2345 4602 (in
2380 4535 2580 4603 planta
2602 4535 2855 4590 orbelica
2881 4551 2975 4588 ca-

594 4605 706 4674 lyci
739 4606 1026 4686 immersa)
1046 4610 1180 4678 pilis
1217 4612 1274 4666 in
1294 4614 1506 4682 pagina
1531 4618 1828 4683 superiore
1856 4619 2169 4674 minoribus
2197 4621 2268 4674 ad
2289 4622 2537 4690 papillas
2565 4639 2739 4693 saepe
2776 4631 2974 4678 tenues

590 4690 860 4756 reductis,
876 4755 881 4766 Ι
900 4694 1134 4761 pistillis
1155 4697 1324 4767 longe
1346 4715 1376 4754 e
1398 4700 1534 4755 flore
1557 4704 1852 4758 emmersis
1876 4723 1999 4759 cum
2026 4707 2162 4774 pilis
2186 4709 2596 4765 collectoribus
2626 4715 2973 4781 conspicuis.
