<?xml version="1.0" encoding="UTF-8"?>
<!DOCTYPE html PUBLIC "-//W3C//DTD XHTML 1.0 Transitional//EN"
    "http://www.w3.org/TR/xhtml1/DTD/xhtml1-transitional.dtd">
<html xmlns="http://www.w3.org/1999/xhtml" xml:lang="en" lang="en">
 <head>
  <title>
</title>
<meta http-equiv="Content-Type" content="text/html;charset=utf-8" />
  <meta name='ocr-system' content='tesseract 3.04.00' />
  <meta name='ocr-capabilities' content='ocr_page ocr_carea ocr_par ocr_line ocrx_word'/>
</head>
<body>
  <div class='ocr_page' id='page_1' title='image "./elementaadflora00pangoog_0036.png"; bbox 0 0 3532 5426; ppageno 0'>
   <div class='ocr_carea' id='block_1_1' title="bbox 2886 578 3076 679">
    <p class='ocr_par' dir='ltr' id='par_1_1' title="bbox 2886 578 3076 679">
     <span class='ocr_line' id='line_1_1' title="bbox 2886 578 3076 679; baseline 0.037 -21"><span class='ocrx_word' id='word_1_1' title='bbox 2886 578 2972 665; x_wconf 75' lang='lat'><strong>&#39;29</strong></span> <span class='ocrx_word' id='word_1_2' title='bbox 3073 678 3076 679; x_wconf 13' lang='lat' dir='ltr'><em>f</em></span> 
     </span>
    </p>
   </div>
   <div class='ocr_carea' id='block_1_2' title="bbox 1445 799 2139 883">
    <p class='ocr_par' dir='ltr' id='par_1_2' title="bbox 1445 799 2139 883">
     <span class='ocr_line' id='line_1_2' title="bbox 1445 799 2139 883; baseline 0.007 -18"><span class='ocrx_word' id='word_1_3' title='bbox 1445 799 1933 883; x_wconf 77' lang='lat' dir='ltr'><strong>onagrarieae</strong></span> <span class='ocrx_word' id='word_1_4' title='bbox 1979 809 2015 866; x_wconf 87' lang='lat' dir='ltr'><strong>J</strong></span> <span class='ocrx_word' id='word_1_5' title='bbox 2020 825 2139 870; x_wconf 85' lang='lat' dir='ltr'><strong>uss.</strong></span> 
     </span>
    </p>
   </div>
   <div class='ocr_carea' id='block_1_3' title="bbox 594 957 2974 1170">
    <p class='ocr_par' dir='ltr' id='par_1_3' title="bbox 594 957 2974 1170">
     <span class='ocr_line' id='line_1_3' title="bbox 803 957 2974 1055; baseline 0.006 -30"><span class='ocrx_word' id='word_1_6' title='bbox 803 957 1217 1051; x_wconf 76' lang='lat' dir='ltr'><strong>Epilobium</strong></span> <span class='ocrx_word' id='word_1_7' title='bbox 1272 968 1694 1032; x_wconf 75' lang='lat' dir='ltr'><strong>montanum</strong></span> <span class='ocrx_word' id='word_1_8' title='bbox 1745 962 1829 1034; x_wconf 95' lang='lat' dir='ltr'><strong>L.</strong></span> <span class='ocrx_word' id='word_1_9' title='bbox 1916 965 1999 1035; x_wconf 91' lang='lat' dir='ltr'><strong>In</strong></span> <span class='ocrx_word' id='word_1_10' title='bbox 2056 966 2522 1055; x_wconf 81' lang='lat' dir='ltr'><strong>sylvestribus</strong></span> <span class='ocrx_word' id='word_1_11' title='bbox 2577 989 2669 1037; x_wconf 92' lang='lat' dir='ltr'><strong>m.</strong></span> <span class='ocrx_word' id='word_1_12' title='bbox 2727 968 2974 1038; x_wconf 86' lang='lat' dir='ltr'><strong>Ravno</strong></span> 
     </span>
     <span class='ocr_line' id='line_1_4' title="bbox 594 1080 1325 1170; baseline 0.001 -20"><span class='ocrx_word' id='word_1_13' title='bbox 594 1080 803 1170; x_wconf 66' lang='lat' dir='ltr'><strong>Buoje</strong></span> <span class='ocrx_word' id='word_1_14' title='bbox 859 1087 933 1152; x_wconf 81' lang='lat' dir='ltr'><strong>et</strong></span> <span class='ocrx_word' id='word_1_15' title='bbox 986 1101 1077 1150; x_wconf 88' lang='lat' dir='ltr'><strong>m.</strong></span> <span class='ocrx_word' id='word_1_16' title='bbox 1135 1080 1325 1151; x_wconf 89' lang='lat' dir='ltr'><strong>Rilo.</strong></span> 
     </span>
    </p>
   </div>
   <div class='ocr_carea' id='block_1_4' title="bbox 734 1201 2506 1538">
    <p class='ocr_par' dir='ltr' id='par_1_4' title="bbox 734 1201 2506 1538">
     <span class='ocr_line' id='line_1_5' title="bbox 801 1201 2453 1295; baseline 0.002 -21"><span class='ocrx_word' id='word_1_17' title='bbox 801 1202 894 1274; x_wconf 88' lang='lat' dir='ltr'><strong>E.</strong></span> <span class='ocrx_word' id='word_1_18' title='bbox 943 1201 1284 1292; x_wconf 77' lang='lat' dir='ltr'><strong>palustre</strong></span> <span class='ocrx_word' id='word_1_19' title='bbox 1334 1202 1417 1273; x_wconf 91' lang='lat' dir='ltr'><strong>L.</strong></span> <span class='ocrx_word' id='word_1_20' title='bbox 1477 1205 1560 1273; x_wconf 94' lang='lat' dir='ltr'><strong>In</strong></span> <span class='ocrx_word' id='word_1_21' title='bbox 1616 1207 2011 1295; x_wconf 87' lang='lat' dir='ltr'><strong>spongiosis</strong></span> <span class='ocrx_word' id='word_1_22' title='bbox 2074 1229 2164 1277; x_wconf 90' lang='lat' dir='ltr'><strong>m.</strong></span> <span class='ocrx_word' id='word_1_23' title='bbox 2224 1206 2453 1279; x_wconf 72' lang='lat' dir='ltr'><strong>Vitos.</strong></span> 
     </span>
     <span class='ocr_line' id='line_1_6' title="bbox 734 1326 2506 1416; baseline 0.001 -20"><span class='ocrx_word' id='word_1_24' title='bbox 734 1326 735 1329; x_wconf 71' lang='grc'>’</span> <span class='ocrx_word' id='word_1_25' title='bbox 799 1326 892 1396; x_wconf 77' lang='lat' dir='ltr'><strong>F.</strong></span> <span class='ocrx_word' id='word_1_26' title='bbox 955 1331 1414 1416; x_wconf 71' lang='lat' dir='ltr'><strong>tetrayonum</strong></span> <span class='ocrx_word' id='word_1_27' title='bbox 1468 1327 1550 1398; x_wconf 90' lang='lat' dir='ltr'><strong>L.</strong></span> <span class='ocrx_word' id='word_1_28' title='bbox 1608 1328 1691 1398; x_wconf 95' lang='lat' dir='ltr'><strong>In</strong></span> <span class='ocrx_word' id='word_1_29' title='bbox 1747 1328 1961 1400; x_wconf 85' lang='lat' dir='ltr'><strong>fossis</strong></span> <span class='ocrx_word' id='word_1_30' title='bbox 2020 1329 2108 1398; x_wconf 82' lang='lat' dir='ltr'><strong>ad</strong></span> <span class='ocrx_word' id='word_1_31' title='bbox 2164 1327 2506 1399; x_wconf 78' lang='lat' dir='ltr'><strong>Slivnica.</strong></span> 
     </span>
     <span class='ocr_line' id='line_1_7' title="bbox 803 1445 2449 1538; baseline 0.001 -21"><span class='ocrx_word' id='word_1_32' title='bbox 803 1446 896 1517; x_wconf 88' lang='grc' dir='ltr'><strong>Ε.</strong></span> <span class='ocrx_word' id='word_1_33' title='bbox 951 1445 1309 1537; x_wconf 62' lang='lat' dir='ltr'><strong>Alpinum</strong></span> <span class='ocrx_word' id='word_1_34' title='bbox 1361 1449 1444 1520; x_wconf 91' lang='lat' dir='ltr'><strong>L.</strong></span> <span class='ocrx_word' id='word_1_35' title='bbox 1502 1451 1584 1519; x_wconf 95' lang='lat' dir='ltr'><strong>In</strong></span> <span class='ocrx_word' id='word_1_36' title='bbox 1638 1451 1930 1538; x_wconf 84' lang='lat' dir='ltr'><strong>irriguis</strong></span> <span class='ocrx_word' id='word_1_37' title='bbox 1985 1470 2075 1520; x_wconf 90' lang='lat' dir='ltr'><strong>m.</strong></span> <span class='ocrx_word' id='word_1_38' title='bbox 2135 1449 2449 1538; x_wconf 88' lang='lat' dir='ltr'><strong>Kopren.</strong></span> 
     </span>
    </p>
   </div>
   <div class='ocr_carea' id='block_1_5' title="bbox 600 1563 2976 1759">
    <p class='ocr_par' dir='ltr' id='par_1_5' title="bbox 600 1563 2976 1759">
     <span class='ocr_line' id='line_1_8' title="bbox 804 1563 2976 1656; baseline 0.002 -19"><span class='ocrx_word' id='word_1_39' title='bbox 804 1567 896 1637; x_wconf 87' lang='lat' dir='ltr'><strong>E.</strong></span> <span class='ocrx_word' id='word_1_40' title='bbox 956 1563 1513 1656; x_wconf 71' lang='lat' dir='ltr'><strong>oriyanifolium</strong></span> <span class='ocrx_word' id='word_1_41' title='bbox 1569 1567 1765 1638; x_wconf 85' lang='lat' dir='ltr'><strong>Lam.</strong></span> <span class='ocrx_word' id='word_1_42' title='bbox 1852 1570 1935 1640; x_wconf 93' lang='lat' dir='ltr'><strong>In</strong></span> <span class='ocrx_word' id='word_1_43' title='bbox 1989 1570 2413 1640; x_wconf 84' lang='lat' dir='ltr'><strong>rivularibus</strong></span> <span class='ocrx_word' id='word_1_44' title='bbox 2472 1570 2976 1641; x_wconf 83' lang='lat' dir='ltr'><strong>excelsioribus</strong></span> 
     </span>
     <span class='ocr_line' id='line_1_9' title="bbox 600 1685 1484 1759; baseline 0.005 -4"><span class='ocrx_word' id='word_1_45' title='bbox 600 1708 691 1757; x_wconf 94' lang='lat' dir='ltr'><strong>m.</strong></span> <span class='ocrx_word' id='word_1_46' title='bbox 752 1685 960 1759; x_wconf 75' lang='lat' dir='ltr'><strong>Vitos</strong></span> <span class='ocrx_word' id='word_1_47' title='bbox 1018 1694 1090 1757; x_wconf 81' lang='lat' dir='ltr'><strong>et</strong></span> <span class='ocrx_word' id='word_1_48' title='bbox 1143 1709 1235 1758; x_wconf 91' lang='lat' dir='ltr'><strong>m.</strong></span> <span class='ocrx_word' id='word_1_49' title='bbox 1292 1688 1484 1759; x_wconf 82' lang='lat' dir='ltr'><strong>Rilo.</strong></span> 
     </span>
    </p>
   </div>
   <div class='ocr_carea' id='block_1_6' title="bbox 1370 1889 2202 1960">
    <p class='ocr_par' dir='ltr' id='par_1_6' title="bbox 1370 1889 2202 1960">
     <span class='ocr_line' id='line_1_10' title="bbox 1370 1889 2202 1960; baseline -0.002 -4"><span class='ocrx_word' id='word_1_50' title='bbox 1370 1889 1977 1960; x_wconf 77' lang='lat' dir='ltr'><strong>Gallitrichineae</strong></span> <span class='ocrx_word' id='word_1_51' title='bbox 2023 1897 2202 1955; x_wconf 87' lang='lat' dir='ltr'><strong>Link.</strong></span> 
     </span>
    </p>
   </div>
   <div class='ocr_carea' id='block_1_7' title="bbox 601 2047 2975 2261">
    <p class='ocr_par' dir='ltr' id='par_1_7' title="bbox 601 2047 2975 2261">
     <span class='ocr_line' id='line_1_11' title="bbox 810 2047 2975 2124; baseline 0.001 -4"><span class='ocrx_word' id='word_1_52' title='bbox 810 2047 1250 2120; x_wconf 75' lang='lat' dir='ltr'><strong>Calistrz&#39;chc</strong></span> <span class='ocrx_word' id='word_1_53' title='bbox 1304 2069 1533 2120; x_wconf 80' lang='lat' dir='ltr'><strong>verna</strong></span> <span class='ocrx_word' id='word_1_54' title='bbox 1588 2050 1808 2122; x_wconf 79' lang='lat' dir='ltr'><strong>Kfltz.</strong></span> <span class='ocrx_word' id='word_1_55' title='bbox 1894 2050 2007 2123; x_wconf 88' lang='lat' dir='ltr'><strong>Ad</strong></span> <span class='ocrx_word' id='word_1_56' title='bbox 2063 2053 2360 2122; x_wconf 87' lang='lat' dir='ltr'><strong>rivulum</strong></span> <span class='ocrx_word' id='word_1_57' title='bbox 2440 2053 2607 2123; x_wconf 89' lang='lat' dir='ltr'><strong>Rilo</strong></span> <span class='ocrx_word' id='word_1_58' title='bbox 2690 2053 2815 2124; x_wconf 89' lang='lat' dir='ltr'><strong>sub</strong></span> <span class='ocrx_word' id='word_1_59' title='bbox 2881 2075 2975 2123; x_wconf 89' lang='lat' dir='ltr'><strong>m.-</strong></span> 
     </span>
     <span class='ocr_line' id='line_1_12' title="bbox 601 2172 1025 2261; baseline -0.002 -21"><span class='ocrx_word' id='word_1_60' title='bbox 601 2172 1025 2261; x_wconf 80' lang='lat' dir='ltr'><strong>cognomine.</strong></span> 
     </span>
    </p>
   </div>
   <div class='ocr_carea' id='block_1_8' title="bbox 1451 2340 2133 2425">
    <p class='ocr_par' dir='ltr' id='par_1_8' title="bbox 1451 2340 2133 2425">
     <span class='ocr_line' id='line_1_13' title="bbox 1451 2340 2133 2425; baseline 0.004 -20"><span class='ocrx_word' id='word_1_61' title='bbox 1451 2340 1926 2425; x_wconf 66' lang='lat' dir='ltr'><strong>Lythrarieae</strong></span> <span class='ocrx_word' id='word_1_62' title='bbox 1973 2350 2009 2407; x_wconf 88' lang='lat' dir='ltr'><strong>J</strong></span> <span class='ocrx_word' id='word_1_63' title='bbox 2014 2365 2133 2408; x_wconf 78' lang='lat' dir='ltr'><strong>uss‚</strong></span> 
     </span>
    </p>
   </div>
   <div class='ocr_carea' id='block_1_9' title="bbox 606 2500 2976 2697">
    <p class='ocr_par' dir='ltr' id='par_1_9' title="bbox 606 2500 2976 2697">
     <span class='ocr_line' id='line_1_14' title="bbox 810 2500 2976 2595; baseline -0.002 -20"><span class='ocrx_word' id='word_1_64' title='bbox 810 2505 1177 2595; x_wconf 73' lang='lat' dir='ltr'><strong>Lythrum</strong></span> <span class='ocrx_word' id='word_1_65' title='bbox 1231 2502 1598 2574; x_wconf 77' lang='lat' dir='ltr'><strong>salicaria</strong></span> <span class='ocrx_word' id='word_1_66' title='bbox 1647 2501 1730 2573; x_wconf 91' lang='lat' dir='ltr'><strong>L.</strong></span> <span class='ocrx_word' id='word_1_67' title='bbox 1789 2503 1873 2573; x_wconf 95' lang='lat' dir='ltr'><strong>In</strong></span> <span class='ocrx_word' id='word_1_68' title='bbox 1914 2502 2126 2574; x_wconf 89' lang='lat' dir='ltr'><strong>fossis</strong></span> <span class='ocrx_word' id='word_1_69' title='bbox 2168 2503 2253 2572; x_wconf 86' lang='lat' dir='ltr'><strong>ad</strong></span> <span class='ocrx_word' id='word_1_70' title='bbox 2295 2500 2608 2574; x_wconf 85' lang='lat' dir='ltr'><strong>Slivnica</strong></span> <span class='ocrx_word' id='word_1_71' title='bbox 2644 2509 2717 2573; x_wconf 81' lang='lat' dir='ltr'><strong>et</strong></span> <span class='ocrx_word' id='word_1_72' title='bbox 2754 2523 2976 2592; x_wconf 89' lang='lat' dir='ltr'><strong>prope</strong></span> 
     </span>
     <span class='ocr_line' id='line_1_15' title="bbox 606 2625 971 2697; baseline 0 0"><span class='ocrx_word' id='word_1_73' title='bbox 606 2625 971 2697; x_wconf 82' lang='lat' dir='ltr'><strong>Samokov.</strong></span> 
     </span>
    </p>
   </div>
   <div class='ocr_carea' id='block_1_10' title="bbox 1355 2797 2240 2882">
    <p class='ocr_par' dir='ltr' id='par_1_10' title="bbox 1355 2797 2240 2882">
     <span class='ocr_line' id='line_1_16' title="bbox 1355 2797 2240 2882; baseline 0 -18"><span class='ocrx_word' id='word_1_74' title='bbox 1355 2797 1904 2882; x_wconf 73' lang='lat' dir='ltr'><strong>Paronychieae</strong></span> <span class='ocrx_word' id='word_1_75' title='bbox 1949 2803 2038 2863; x_wconf 85' lang='lat' dir='ltr'><strong>St.</strong></span> <span class='ocrx_word' id='word_1_76' title='bbox 2086 2800 2240 2864; x_wconf 58' lang='lat' dir='ltr'><strong>Hic</strong></span> 
     </span>
    </p>
   </div>
   <div class='ocr_carea' id='block_1_11' title="bbox 600 2940 2978 3654">
    <p class='ocr_par' dir='ltr' id='par_1_11' title="bbox 755 2940 2731 3047">
     <span class='ocr_line' id='line_1_17' title="bbox 755 2940 2731 3047; baseline 0.002 -24"><span class='ocrx_word' id='word_1_77' title='bbox 755 3016 763 3023; x_wconf 92' lang='lat'><strong>.</strong></span> <span class='ocrx_word' id='word_1_78' title='bbox 810 2958 1250 3029; x_wconf 80' lang='lat' dir='ltr'><strong>Herniaria</strong></span> <span class='ocrx_word' id='word_1_79' title='bbox 1302 2957 1568 3047; x_wconf 61' lang='lat' dir='ltr'><strong>glabra</strong></span> <span class='ocrx_word' id='word_1_80' title='bbox 1622 2958 1704 3030; x_wconf 88' lang='lat' dir='ltr'><strong>L.</strong></span> <span class='ocrx_word' id='word_1_81' title='bbox 1761 2961 1846 3029; x_wconf 94' lang='lat' dir='ltr'><strong>In</strong></span> <span class='ocrx_word' id='word_1_82' title='bbox 1903 2962 2091 3031; x_wconf 82' lang='lat' dir='ltr'><strong>arvis</strong></span> <span class='ocrx_word' id='word_1_83' title='bbox 2151 2961 2276 3031; x_wconf 92' lang='lat' dir='ltr'><strong>sub</strong></span> <span class='ocrx_word' id='word_1_84' title='bbox 2330 2940 2486 3031; x_wconf 85' lang='lat' dir='ltr'><strong>vico</strong></span> <span class='ocrx_word' id='word_1_85' title='bbox 2540 2959 2731 3030; x_wconf 82' lang='lat' dir='ltr'><strong>Rilo.</strong></span> 
     </span>
    </p>

    <p class='ocr_par' dir='ltr' id='par_1_12' title="bbox 601 3078 2978 3272">
     <span class='ocr_line' id='line_1_18' title="bbox 809 3078 2978 3170; baseline -0.002 -19"><span class='ocrx_word' id='word_1_86' title='bbox 809 3079 924 3151; x_wconf 87' lang='lat' dir='ltr'><strong>H.</strong></span> <span class='ocrx_word' id='word_1_87' title='bbox 988 3078 1277 3149; x_wconf 76' lang='lat' dir='ltr'><strong>hirsuta</strong></span> <span class='ocrx_word' id='word_1_88' title='bbox 1329 3078 1411 3149; x_wconf 91' lang='lat' dir='ltr'><strong>L.</strong></span> <span class='ocrx_word' id='word_1_89' title='bbox 1496 3080 1577 3148; x_wconf 94' lang='lat' dir='ltr'><strong>In</strong></span> <span class='ocrx_word' id='word_1_90' title='bbox 1632 3082 1948 3151; x_wconf 81' lang='lat' dir='ltr'><strong>arenosis</strong></span> <span class='ocrx_word' id='word_1_91' title='bbox 2008 3082 2092 3150; x_wconf 80' lang='lat' dir='ltr'><strong>ad</strong></span> <span class='ocrx_word' id='word_1_92' title='bbox 2174 3083 2360 3170; x_wconf 85' lang='lat' dir='ltr'><strong>viam</strong></span> <span class='ocrx_word' id='word_1_93' title='bbox 2414 3082 2604 3150; x_wconf 86' lang='lat' dir='ltr'><strong>inter</strong></span> <span class='ocrx_word' id='word_1_94' title='bbox 2656 3078 2978 3150; x_wconf 81' lang='lat' dir='ltr'><strong>Dubnica.</strong></span> 
     </span>
     <span class='ocr_line' id='line_1_19' title="bbox 601 3202 1199 3272; baseline -0.002 0"><span class='ocrx_word' id='word_1_95' title='bbox 601 3208 675 3272; x_wconf 80' lang='lat' dir='ltr'><strong>et</strong></span> <span class='ocrx_word' id='word_1_96' title='bbox 728 3203 958 3272; x_wconf 89' lang='lat' dir='ltr'><strong>vicum</strong></span> <span class='ocrx_word' id='word_1_97' title='bbox 1008 3202 1199 3272; x_wconf 90' lang='lat' dir='ltr'><strong>Rilo.</strong></span> 
     </span>
    </p>

    <p class='ocr_par' dir='ltr' id='par_1_13' title="bbox 806 3307 2798 3394">
     <span class='ocr_line' id='line_1_20' title="bbox 806 3307 2798 3394; baseline -0.001 -1"><span class='ocrx_word' id='word_1_98' title='bbox 806 3322 920 3393; x_wconf 88' lang='grc' dir='ltr'><strong>Η.</strong></span> <span class='ocrx_word' id='word_1_99' title='bbox 977 3322 1249 3393; x_wconf 76' lang='lat' dir='ltr'><strong>incana</strong></span> <span class='ocrx_word' id='word_1_100' title='bbox 1298 3321 1496 3393; x_wconf 86' lang='lat' dir='ltr'><strong>Lam.</strong></span> <span class='ocrx_word' id='word_1_101' title='bbox 1555 3324 1637 3394; x_wconf 95' lang='lat' dir='ltr'><strong>In</strong></span> <span class='ocrx_word' id='word_1_102' title='bbox 1695 3325 1967 3394; x_wconf 79' lang='lat' dir='ltr'><strong>saxosis</strong></span> <span class='ocrx_word' id='word_1_103' title='bbox 2027 3322 2231 3393; x_wconf 92' lang='lat' dir='ltr'><strong>collis</strong></span> <span class='ocrx_word' id='word_1_104' title='bbox 2288 3317 2523 3392; x_wconf 74' lang='lat' dir='ltr'><strong>Vrska</strong></span> <span class='ocrx_word' id='word_1_105' title='bbox 2578 3307 2798 3393; x_wconf 68' lang='lat' dir='ltr'><strong>Ouka.</strong></span> 
     </span>
    </p>

    <p class='ocr_par' dir='ltr' id='par_1_14' title="bbox 600 3440 2977 3654">
     <span class='ocr_line' id='line_1_21' title="bbox 807 3440 2977 3534; baseline 0.001 -22"><span class='ocrx_word' id='word_1_106' title='bbox 807 3440 1277 3532; x_wconf 62' lang='lat' dir='ltr'><strong>Paromjchia</strong></span> <span class='ocrx_word' id='word_1_107' title='bbox 1332 3443 1725 3534; x_wconf 75' lang='lat' dir='ltr'><strong>cephalotes</strong></span> <span class='ocrx_word' id='word_1_108' title='bbox 1780 3442 1881 3514; x_wconf 90' lang='lat' dir='ltr'><strong>M.</strong></span> <span class='ocrx_word' id='word_1_109' title='bbox 1942 3443 2022 3513; x_wconf 92' lang='lat' dir='ltr'><strong>B.</strong></span> <span class='ocrx_word' id='word_1_110' title='bbox 2107 3444 2190 3514; x_wconf 91' lang='lat' dir='ltr'><strong>In</strong></span> <span class='ocrx_word' id='word_1_111' title='bbox 2243 3446 2685 3533; x_wconf 81' lang='lat' dir='ltr'><strong>rupestribus</strong></span> <span class='ocrx_word' id='word_1_112' title='bbox 2761 3467 2977 3534; x_wconf 78' lang='lat' dir='ltr'><strong>supra</strong></span> 
     </span>
     <span class='ocr_line' id='line_1_22' title="bbox 600 3564 1313 3654; baseline 0.001 -20"><span class='ocrx_word' id='word_1_113' title='bbox 600 3564 1001 3654; x_wconf 83' lang='lat' dir='ltr'><strong>Dragoman</strong></span> <span class='ocrx_word' id='word_1_114' title='bbox 1055 3565 1313 3654; x_wconf 80' lang='lat' dir='ltr'><strong>Bogaz.</strong></span> 
     </span>
    </p>
   </div>
   <div class='ocr_carea' id='block_1_12' title="bbox 1439 3761 2190 3832">
    <p class='ocr_par' dir='ltr' id='par_1_15' title="bbox 1439 3761 2190 3832">
     <span class='ocr_line' id='line_1_23' title="bbox 1439 3761 2190 3832; baseline -0.003 0"><span class='ocrx_word' id='word_1_115' title='bbox 1439 3761 1961 3832; x_wconf 82' lang='lat' dir='ltr'><strong>Sclerantheae</strong></span> <span class='ocrx_word' id='word_1_116' title='bbox 2006 3772 2190 3830; x_wconf 89' lang='lat' dir='ltr'><strong>Link.</strong></span> 
     </span>
    </p>
   </div>
   <div class='ocr_carea' id='block_1_13' title="bbox 808 3924 2745 4015">
    <p class='ocr_par' dir='ltr' id='par_1_16' title="bbox 808 3924 2745 4015">
     <span class='ocr_line' id='line_1_24' title="bbox 808 3924 2745 4015; baseline -0.001 -19"><span class='ocrx_word' id='word_1_117' title='bbox 808 3925 1288 3999; x_wconf 77' lang='lat' dir='ltr'><strong>Scleranthus</strong></span> <span class='ocrx_word' id='word_1_118' title='bbox 1348 3946 1637 3997; x_wconf 76' lang='lat' dir='ltr'><strong>annuus</strong></span> <span class='ocrx_word' id='word_1_119' title='bbox 1689 3924 1774 3997; x_wconf 96' lang='lat' dir='ltr'><strong>L.</strong></span> <span class='ocrx_word' id='word_1_120' title='bbox 1832 3928 1915 3998; x_wconf 91' lang='lat' dir='ltr'><strong>In</strong></span> <span class='ocrx_word' id='word_1_121' title='bbox 1969 3929 2236 4015; x_wconf 82' lang='lat' dir='ltr'><strong>campis</strong></span> <span class='ocrx_word' id='word_1_122' title='bbox 2293 3929 2482 3997; x_wconf 84' lang='lat' dir='ltr'><strong>circa</strong></span> <span class='ocrx_word' id='word_1_123' title='bbox 2538 3926 2745 3996; x_wconf 86' lang='lat' dir='ltr'><strong>Sofia.</strong></span> 
     </span>
    </p>
   </div>
   <div class='ocr_carea' id='block_1_14' title="bbox 596 4044 2972 4239">
    <p class='ocr_par' dir='ltr' id='par_1_17' title="bbox 596 4044 2972 4239">
     <span class='ocr_line' id='line_1_25' title="bbox 804 4044 2972 4137; baseline -0.001 -20"><span class='ocrx_word' id='word_1_124' title='bbox 804 4046 946 4118; x_wconf 79' lang='lat' dir='ltr'><strong>Sol.</strong></span> <span class='ocrx_word' id='word_1_125' title='bbox 987 4044 1336 4137; x_wconf 75' lang='lat' dir='ltr'><strong>perennis</strong></span> <span class='ocrx_word' id='word_1_126' title='bbox 1391 4046 1474 4117; x_wconf 97' lang='lat' dir='ltr'><strong>L.</strong></span> <span class='ocrx_word' id='word_1_127' title='bbox 1556 4048 1644 4130; x_wconf 84' lang='lat' dir='ltr'><strong>In=</strong></span> <span class='ocrx_word' id='word_1_128' title='bbox 1696 4049 1968 4136; x_wconf 83' lang='lat' dir='ltr'><strong>asperis</strong></span> <span class='ocrx_word' id='word_1_129' title='bbox 2054 4048 2554 4119; x_wconf 81' lang='lat' dir='ltr'><strong>excelsioribus</strong></span> <span class='ocrx_word' id='word_1_130' title='bbox 2610 4069 2701 4117; x_wconf 90' lang='lat' dir='ltr'><strong>m.</strong></span> <span class='ocrx_word' id='word_1_131' title='bbox 2760 4045 2972 4130; x_wconf 77' lang='lat' dir='ltr'><strong>Vitos</strong></span> 
     </span>
     <span class='ocr_line' id='line_1_26' title="bbox 596 4167 2348 4239; baseline -0.001 -2"><span class='ocrx_word' id='word_1_132' title='bbox 596 4171 670 4237; x_wconf 84' lang='lat' dir='ltr'><strong>et</strong></span> <span class='ocrx_word' id='word_1_133' title='bbox 723 4188 812 4237; x_wconf 92' lang='lat' dir='ltr'><strong>m.</strong></span> <span class='ocrx_word' id='word_1_134' title='bbox 870 4167 1059 4239; x_wconf 84' lang='lat' dir='ltr'><strong>Rilo.</strong></span> <span class='ocrx_word' id='word_1_135' title='bbox 2345 4186 2348 4188; x_wconf 87' lang='grc'><strong><em>·</em></strong></span> 
     </span>
    </p>
   </div>
   <div class='ocr_carea' id='block_1_15' title="bbox 1440 4368 2134 4437">
    <p class='ocr_par' dir='ltr' id='par_1_18' title="bbox 1440 4368 2134 4437">
     <span class='ocr_line' id='line_1_27' title="bbox 1440 4368 2134 4437; baseline -0.007 0"><span class='ocrx_word' id='word_1_136' title='bbox 1440 4368 1960 4437; x_wconf 80' lang='lat' dir='ltr'><strong>Crassulaceae</strong></span> <span class='ocrx_word' id='word_1_137' title='bbox 2006 4372 2134 4433; x_wconf 83' lang='lat' dir='ltr'><strong>DC.</strong></span> 
     </span>
    </p>
   </div>
   <div class='ocr_carea' id='block_1_16' title="bbox 776 4513 2967 4740">
    <p class='ocr_par' dir='ltr' id='par_1_19' title="bbox 776 4513 2967 4740">
     <span class='ocr_line' id='line_1_28' title="bbox 776 4513 2967 4604; baseline -0.001 -2"><span class='ocrx_word' id='word_1_138' title='bbox 776 4530 1069 4602; x_wconf 24' lang='lat' dir='ltr'><strong>‘Sedum</strong></span> <span class='ocrx_word' id='word_1_139' title='bbox 1125 4531 1527 4602; x_wconf 77' lang='lat' dir='ltr'><strong>maximum</strong></span> <span class='ocrx_word' id='word_1_140' title='bbox 1583 4530 1733 4601; x_wconf 79' lang='lat' dir='ltr'><strong>Sut.</strong></span> <span class='ocrx_word' id='word_1_141' title='bbox 1792 4532 1876 4600; x_wconf 91' lang='lat' dir='ltr'><strong>In</strong></span> <span class='ocrx_word' id='word_1_142' title='bbox 1919 4534 2195 4603; x_wconf 83' lang='lat' dir='ltr'><strong>saxosis</strong></span> <span class='ocrx_word' id='word_1_143' title='bbox 2231 4531 2433 4604; x_wconf 88' lang='lat' dir='ltr'><strong>collis</strong></span> <span class='ocrx_word' id='word_1_144' title='bbox 2474 4531 2707 4604; x_wconf 75' lang='lat' dir='ltr'><strong>Vrska</strong></span> <span class='ocrx_word' id='word_1_145' title='bbox 2746 4513 2967 4603; x_wconf 71' lang='lat' dir='ltr'><strong>(luka.</strong></span> 
     </span>
     <span class='ocr_line' id='line_1_29' title="bbox 803 4650 2761 4740; baseline 0.002 -20"><span class='ocrx_word' id='word_1_146' title='bbox 803 4651 875 4721; x_wconf 88' lang='lat' dir='ltr'><strong>S.</strong></span> <span class='ocrx_word' id='word_1_147' title='bbox 933 4651 1213 4740; x_wconf 75' lang='lat' dir='ltr'><strong>Caepea</strong></span> <span class='ocrx_word' id='word_1_148' title='bbox 1265 4650 1345 4721; x_wconf 93' lang='lat' dir='ltr'><strong>L.</strong></span> <span class='ocrx_word' id='word_1_149' title='bbox 1405 4651 1490 4721; x_wconf 92' lang='lat' dir='ltr'><strong>In</strong></span> <span class='ocrx_word' id='word_1_150' title='bbox 1544 4651 1846 4722; x_wconf 81' lang='lat' dir='ltr'><strong>dumetis</strong></span> <span class='ocrx_word' id='word_1_151' title='bbox 1906 4655 2177 4725; x_wconf 85' lang='lat' dir='ltr'><strong>saxosis</strong></span> <span class='ocrx_word' id='word_1_152' title='bbox 2244 4654 2367 4724; x_wconf 92' lang='lat' dir='ltr'><strong>sub</strong></span> <span class='ocrx_word' id='word_1_153' title='bbox 2422 4676 2514 4723; x_wconf 92' lang='lat' dir='ltr'><strong>m.</strong></span> <span class='ocrx_word' id='word_1_154' title='bbox 2571 4654 2761 4723; x_wconf 79' lang='lat' dir='ltr'><strong>Rilo.</strong></span> 
     </span>
    </p>
   </div>
  </div>
 </body>
</html>
