3532 5426
576 611 654 673 32

779 819 873 892 Β.
930 819 1566 912 semidiaphanum
1621 820 1852 891 Boiss.
1909 820 1993 890 In
2033 823 2219 892 arvis
2276 820 2402 892 sub
2458 820 2606 890 vico
2656 819 2845 889 Rilo.
2907 810 2924 827 ⁸

783 959 877 1032 B.
914 960 1280 1033 Baldense
1315 961 1525 1034 Host.
1561 963 1642 1033 In
1679 965 2101 1051 graminosis
2140 963 2559 1035 elatioribus
2595 981 2685 1029 m.
2714 958 2951 1029 Vitos.

780 1099 873 1170 B.
937 1098 1300 1188 falcatum
1357 1100 1438 1172 L.
1514 1102 1597 1172 In
1670 1103 1971 1171 dumetis
2030 1101 2116 1171 ad
2198 1099 2468 1170 faucem
2550 1101 2686 1169 rivi
2731 1097 2954 1169 'Iskra

578 1222 703 1292 sub
757 1242 847 1290 m.
907 1220 1096 1291 Rilo.

783 1342 873 1412 B.
933 1340 1503 1431 rotundif'olium
1557 1341 1638 1412 L.
1706 1344 1904 1413 Inter
1962 1350 2234 1433 segetes
2292 1343 2415 1416 sub
2470 1342 2648 1412 colle
2707 1339 2953 1410 Vrska

576 1447 795 1536 Guka.

668 1566 671 1569 ’
794 1585 1163 1657 oenanthe
1218 1584 1526 1657 meoides
1580 1607 1671 1658 m.
1732 1588 2025 1658 Radicis
2074 1586 2275 1658 fibris
2340 1587 2764 1658 incrassatis
2820 1586 2944 1654 ob-

575 1709 804 1798 longis
892 1708 1055 1779 aliis
1114 1708 1439 1779 tenuibus
1504 1711 1779 1795 mixtis,
1837 1711 2029 1780 caule
2083 1710 2342 1800 gracili
2402 1707 2736 1798 angulato
2804 1704 2946 1776 sul-

573 1836 736 1899 cato
820 1829 1127 1917 simplici
1212 1835 1336 1902 ant
1425 1849 1636 1917 supra
1700 1829 1999 1899 medium
2094 1830 2300 1917 pauci
2335 1870 2361 1881 -
2394 1848 2670 1898 ramoso
2754 1827 2947 1895 intus

575 1926 919 2038 fistul'oSO,
956 1938 961 1941 ’
1003 1949 1200 2019 foliis
1259 1949 1528 2019 ambitu
1584 1949 2113 2038 trangularibus
2195 1948 2625 2020 radicalibus
2708 1952 2782 2017 et
2836 1948 2943 2015 in-

579 2069 960 2141 ferioribus
1002 2071 1305 2141 caulinis
1341 2069 1382 2139 2
1419 2110 1446 2122 -
1480 2069 1950 2159 pinnatifidis,
2006 2071 2317 2160 pinnulis
2376 2070 2707 2141 foliorum
2760 2066 2943 2138 infe-

574 2191 834 2260 riorum
876 2190 1195 2279 oblongis
1235 2190 1531 2277 obtusiS,
1573 2190 1768 2260 foliis
1811 2176 2288 2279 superioribus
2325 2189 2797 2280 pinnatifidis,
2836 2190 2944 2277 pi-

575 2310 759 2382 nulis
790 2313 1140 2400 elongatis
1170 2311 1561 2382 linearibus
1611 2314 1864 2400 acutis,
1912 2313 2237 2384 umbellis
2284 2310 2583 2382 10-12
2614 2310 2948 2394 radiatiS,

571 2431 858 2502 floribus
913 2431 1586 2520 purpurascentibus
1653 2453 1899 2521 parum
1961 2434 2294 2521 radiatis,
2350 2432 2718 2524 pedicellis
2758 2430 2944 2500 fruc-

575 2552 814 2624 tiferis
873 2553 1444 2639 subincrassatis,
1523 2555 1775 2624 mediis
1833 2555 2268 2627 abbreviatis
2324 2556 2586 2626 exteris
2643 2553 2949 2631 fructum
3053 2636 3058 2637 ἢ

575 2674 944 2764 oblongum
1027 2674 1180 2745 basi
1237 2694 1375 2743 non
1429 2674 1769 2745 callosum
1848 2676 2339 2765 aequantibus,
2400 2675 2610 2766 stylis
2666 2674 2949 2746 tandem

574 2797 927 2887 elongatis
982 2796 1285 2866 fructum
1341 2798 1704 2868 dimidium
1759 2801 2014 2888 longis.

779 2914 966 2985 Hab.
1024 2917 1098 2985 in
1156 2918 1554 3007 spongiosis
1609 2919 1822 2989 medii
1874 2942 1965 2990 m.
2025 2919 2263 2992 Vitos.

780 3036 1063 3108 Pedalis
1146 3044 1267 3106 ant
1322 3039 1532 3126 paulo
1589 3039 1858 3124 altior3
1943 3041 2181 3113 differt
2255 3043 2343 3113 ab
2397 3039 2522 3114 Oe.
2608 3039 2949 3128 angulosa

579 3155 763 3229 Gris.
830 3155 1028 3228 fibris
1101 3158 1529 3230 radicalibus
1586 3160 2065 3249 difformibus,
2147 3163 2342 3234 caule
2397 3163 2741 3248 fistulOSO,
2796 3181 2944 3229 um-

574 3278 782 3349 bellis
836 3276 1230 3348 fructiferis
1313 3261 1685 3369 porrectiS,
1758 3283 1847 3353 ab
1903 3279 2024 3354 Oe.
2079 3285 2310 3356 media
2365 3283 2547 3356 Gris.
2604 3284 2947 3355 umbellae

573 3402 796 3472 radiis
834 3393 1452 3474 numerosioribus.
1510 3401 1813 3476 floribus
1852 3427 2101 3495 parum
2146 3409 2619 3494 radiantibus,
2676 3407 2764 3476 ab
2803 3424 2949 3474 om—

572 3523 776 3593 nibus
830 3521 1105 3611 generis
1186 3519 1484 3594 floribus
1528 3529 2241 3616 purpurascentibus,
2300 3529 2549 3618 quibus
2622 3529 2954 3616 deceptus

579 3643 806 3731 primo
848 3641 1097 3710 obtutu
1136 3640 1348 3714 habui
1404 3667 1531 3742 pro
1569 3648 1730 3719 Meo
1770 3650 2173 3738 Mutellina,
2229 3653 2422 3743 cujus
2460 3657 2532 3720 et
2583 3648 2760 3720 folia
2816 3649 2946 3717 im-

576 3766 897 3834 mitatur.

787 3884 904 3956 Oe.
966 3883 1331 3973 fistulosa
1382 3886 1465 3957 L.
1524 3888 1607 3958 In
1661 3889 1876 3961 fossis
1934 3893 2020 3962 ad
2060 3892 2392 3963 Slivnica.

782 4022 1011 4095 Seseli
1067 4021 1465 4095 coloratum
1503 4025 1721 4112 Ehrh.
1779 4028 1862 4098 In
1916 4030 2218 4101 dumetis
2277 4032 2400 4102 sub
2455 4052 2546 4100 m.
2590 4029 2827 4101 Vitos.

780 4160 850 4231 S.
884 4184 1430 4253 purpurascens
1469 4164 1515 4237 J
1521 4167 1728 4237 anka.
1771 4169 1854 4237 In
1891 4170 2332 4259 rupestribus
2385 4168 2767 4258 graniticis
2802 4187 2947 4238 me·

572 4282 674 4352 dii
727 4301 817 4351 m.
876 4282 1065 4354 Rilo.
2554 4367 2558 4371 .

782 4397 1171 4472 Libanotis
1225 4409 1568 4489 montana
1621 4405 1768 4476 All.
1826 4406 1911 4476 In
1965 4411 2241 4481 saxosis
2300 4412 2425 4482 sub
2477 4431 2569 4480 m.
2622 4409 2816 4479 Rilo.

787 4539 1036 4609 Meum
1076 4539 1480 4613 Mutellina
1535 4543 1782 4614 Gartn.
1839 4545 1922 4615 In
1960 4549 2193 4635 pratis
2233 4552 2631 4640 spongiosis
2669 4574 2760 4621 m.
2801 4552 2952 4623 Ko-

578 4679 748 4746 pren
803 4666 876 4731 et
929 4682 1020 4730 m.
1078 4662 1265 4734 Rilo.
