3532 5426
2743 611 2824 672 45

639 816 1215 890 Xeranthemum
1277 839 1633 891 annuum.
1702 819 1786 888 In
1844 820 2108 908 apricis
2163 822 2360 891 inter
2414 821 2817 909 Dragoman

436 938 671 1029 Bogaz
727 947 799 1010 et
856 938 1191 1011 Slivnica.

650 1063 737 1130 X.
794 1060 1274 1150 cylindricum
1329 1060 1411 1132 L.
1489 1060 1574 1131 In
1629 1062 1903 1150 campis
1970 1061 2281 1134 dumosis
2338 1061 2464 1133 sub
2528 1066 2642 1134 m.‘
2679 1060 2814 1136 Vr-

438 1181 572 1251 ska
629 1164 848 1254 Ouka.

642 1303 1016 1392 Soozymus
1070 1302 1547 1396 Hispaniam
1611 1304 1688 1374 L.
1746 1306 1832 1375 In
1889 1307 2075 1378 arvis
2132 1305 2321 1377 infra
2357 1305 2587 1375 vicum
2616 1302 2809 1376 Rilo.

645 1424 1007 1523 Lapsana
1042 1426 1435 1496 communis
1492 1426 1572 1497 L.
1629 1427 1713 1496 In
1769 1428 2234 1516 sylvestribus
2277 1427 2404 1497 sub
2441 1445 2532 1496 m.
2574 1421 2804 1496 Vitos.

643 1546 1051 1617 Cichorium
1105 1543 1410 1634 Intybus
1466 1545 1544 1615 L.
1605 1546 1688 1616 In
1744 1548 2028 1636 pascuis
2084 1549 2276 1617 circa
2332 1544 2540 1616 Sofia.

643 1664 1062 1761 Leontodon
1116 1665 1418 1738 hastilis
1474 1667 1553 1738 L.
1611 1667 1694 1737 In
1749 1667 2064 1740 herbidis
2118 1688 2210 1738 m.
2269 1667 2500 1738 Vitos.

647 1786 897 1858 Pieris
954 1785 1436 1858 hieracioides
1492 1787 1573 1858 L.
1628 1787 1713 1858 In
1769 1791 1961 1861 arvis
2017 1790 2209 1859 circa
2265 1786 2474 1857 Sofia.

651 1907 716 1976 T
711 1927 1119 2000 rayopoyon
1170 1907 1586 1996 crocifolius
1649 1909 1731 1980 L.
1815 1910 1900 1981 In
1982 1911 2255 1999 asperis
2339 1930 2552 1999 supra
2631 1907 2815 1979 Dra-

424 2048 690 2121 goman
745 2027 1003 2118 BogaZ.

645 2149 1078 2220 Scorzonera
1105 2147 1517 2240 Hispanico
1543 2150 1625 2222 L.
1682 2151 1766 2220 In
1795 2149 2064 2223 saxosis
2093 2171 2184 2221 m.
2218 2149 2502 2221 Golema
2545 2147 2815 2221 Glama.

647 2268 1213 2361 Podospermum
1249 2268 1835 2361 Jacquc‘m‘anum
1891 2267 2111 2343 Koch.
2168 2271 2253 2342 In
2290 2271 2568 2360 pascuis
2625 2270 2819 2340 circa

425 2373 649 2446 Sofia.

645 2495 734 2565 H
736 2495 1161 2586 ypochaeris
1191 2495 1541 2566 radicata
1568 2496 1650 2566 L.
1708 2496 1793 2566 In
1824 2498 2013 2568 arvis
2044 2495 2288 2567 subm.
2327 2494 2567 2567 Vrska
2585 2476 2807 2567 Ouka.

646 2615 758 2687 H.
818 2615 1200 2687 maculata
1254 2617 1336 2688 L.
1394 2618 1479 2688 In
1531 2620 1812 2707 pascuis
1867 2638 1956 2688 m.
2015 2618 2303 2689 Bukova
2364 2615 2607 2689 Glava.

651 2739 1122 2808 Taraxacum
1175 2736 1547 2826 officinale
1602 2739 1795 2830 Wig.
1867 2741 1951 2812 In
2004 2742 2289 2829 pascuis
2347 2741 2540 2811 circa
2595 2737 2805 2811 Sofia.

650 2860 731 2929 T.
788 2858 1079 2932 Steveni
1133 2857 1278 2931 DC.
1338 2860 1421 2930 In
1474 2860 1976 2932 excelsioribus
2028 2882 2122 2930 m.
2164 2860 2401 2932 Vitos.

648 2980 1071 3052 Chondrilla
1114 2978 1385 3069 juncea
1438 2982 1519 3052 L.
1577 2983 1661 3053 In
1717 2983 1911 3071 agris
1977 2981 2102 3052 sub
2162 2979 2496 3053 Slivnica.

646 3101 1100 3173 Prenanthes
1176 3093 1564 3193 purpurea
1616 3102 1697 3173 L.
1780 3104 1864 3174 In
1947 3102 2322 3191 sylvaticis
2400 3121 2492 3171 m.
2569 3098 2815 3171 Ravno

426 3222 674 3314 Buoje.
2543 3227 2550 3236 '

643 3340 978 3413 Laetum
1034 3341 1367 3414 Scariola
1419 3342 1501 3414 L.
1559 3344 1643 3415 In
1697 3342 1909 3413 cultis
1960 3343 2084 3414 sub
2146 3362 2237 3410 m.
2297 3339 2540 3411 Vrska
2578 3319 2801 3410 Ouka.

644 3461 735 3532 L.
791 3463 1112 3532 viminea
1165 3463 1247 3533 L.
1305 3464 1387 3534 In
1445 3464 1719 3534 saxosis
1776 3483 1866 3532 m.
1929 3460 2172 3532 Vrska
2210 3444 2433 3534 Ouka.

647 3582 739 3654 L.
787 3582 1136 3676 perennis
1190 3584 1273 3655 L.
1356 3584 1440 3653 In
1495 3585 1771 3655 saxosis
1827 3605 1918 3653 m.
1980 3582 2219 3654 Vrska
2274 3564 2475 3655 Ouka
2544 3588 2617 3652 et
2673 3577 2811 3651 Go-

425 3706 616 3777 lema
673 3702 941 3776 Glama.

648 3825 738 3896 L.
799 3823 1117 3895 muralis
1167 3824 1250 3897 L.
1307 3826 1390 3896 In
1445 3827 1820 3916 sylvaticis
1874 3847 1963 3896 m.
2020 3826 2264 3896 Ravno
2319 3822 2555 3914 Buoje.

649 3948 962 4019 Sonchus
1018 3945 1392 4018 oleo-accus
1448 3948 1529 4018 L.
1587 3949 1670 4018 In
1724 3947 2123 4018 hortulanis
2180 3945 2267 4016 ad
2326 3941 2535 4015 Sofia.

649 4068 720 4140 S.
785 4088 999 4160 asper
1051 4068 1134 4138 L.
1194 4066 1363 4140 Cur'n
1416 4071 1672 4159 priore.

646 4189 724 4260 S.
783 4191 1115 4260 arvensis
1166 4189 1248 4260 L.
1334 4190 1414 4259 In
1472 4191 1665 4281 agris
1721 4192 1911 4261 inter
1991 4189 2396 4280 Dragoman
2452 4189 2685 4280 Bogaz
2734 4196 2810 4262 et

431 4313 771 4384 Slivnica.

646 4432 1120 4522 Mulqedium
1175 4430 1677 4517 sonchz'folium
1735 4431 1871 4504 Vis
1927 4432 1986 4501 ἅ
2040 4430 2118 4502 Ρ.
2192 4432 2276 4502 In
2330 4430 2606 4502 saxosis
2663 4428 2807 4519 syl-

428 4552 792 4625 vestribus
844 4573 935 4622 m.
992 4552 1325 4641 Tupanac
1385 4591 1475 4604 —-
1537 4554 1753 4626 Stara
1807 4551 2130 4623 Planina.

642 4673 752 4744 M.
809 4673 1161 4765 Alpinum
1215 4674 1413 4746 Less.
1470 4674 1553 4743 In
1607 4671 2034 4744 rivularibus
2087 4691 2176 4741 m.
2239 4670 2477 4743 Vitos.
