3532 5426
2854 618 2930 680 57

760 820 852 893 A.
897 823 1401 914 pyramidalis
1458 825 1536 895 L.
1595 826 1678 896 In
1711 825 2031 899 herbidis
2073 829 2575 901 exeelsioribus
2613 850 2705 898 m.
2741 829 2932 900 Rilo.

552 1064 610 1153 C
761 968 854 1033 A.
916 963 1431 1079 Chamaepz'tys
1490 963 1782 1036 Schreb.
1866 968 1948 1037 In
2005 970 2194 1039 arvis
2252 970 2382 1040 sub
2460 968 2637 1039 colle
2694 967 2935 1039 Vrska

613 1083 775 1154 uka.
1365 1128 1373 1135 ·

769 1205 1159 1277 Teucriam
1213 1206 1596 1277 Scordiwm
1649 1207 1732 1278 L.
1790 1207 1872 1277 In
1928 1207 2138 1283 fossis
2196 1208 2283 1278 ad
2341 1207 2674 1280 Slivnica.

770 1327 850 1399 T.
896 1326 1382 1418 Chamaedrys
1420 1327 1503 1399 L.
1560 1329 1644 1399 In
1683 1331 1955 1417 asperis
1996 1349 2211 1416 supra
2240 1328 2646 1417 Dragoman
2673 1327 2931 1416 Bogaz,

767 1449 847 1520 Τ.
908 1454 1328 1521 montanum
1383 1451 1464 1521 L.
1547 1449 1640 1520 Ιη
1687 1451 1996 1539 petrosis
2054 1449 2260 1521 collis
2317 1447 2602 1521 Golema
2658 1447 2930 1521 Glama.

1386 1686 1892 1753 Verbenaoeae
1938 1692 1976 1750 J
1978 1708 2096 1750 uss,

779 1847 1100 1920 Verbena
1155 1847 1558 1939 officinalis
1610 1848 1693 1919 L.
1752 1847 1835 1917 In
1891 1848 2105 1920 cultis
2164 1849 2251 1919 ad
2290 1847 2504 1935 Sofia‚
2563 1846 2930 1918 SamokOV.

1325 2083 1924 2152 Lentibularieae
1971 2092 2152 2150 Rich.

761 2219 1223 2334 Pinguicula
1273 2267 1452 2336 spee.
1511 2247 1596 2317 In
1651 2248 2068 2338 spaghnetis
2121 2269 2212 2317 m.
2256 2246 2545 2336 Kopren
2583 2266 2672 2315 m.
2716 2243 2934 2316 Vitos

553 2375 630 2437 et
684 2389 774 2436 111.
832 2366 1024 2437 Rilo.

1372 2585 1884 2653 Primulaceae
1930 2592 2111 2650 Vent.

762 2747 1232 2835 Lysimachia
1291 2754 1653 2837 punctam
1704 2748 1810 2819 L.
1864 2749 1946 2819 In
2021 2751 2339 2821 salicetis
2415 2751 2503 2820 ad
2560 2749 2925 2821 Samokov.

756 2886 845 2958 L.
912 2886 1444 2958 Nummularia
1495 2887 1577 2959 L.
1634 2888 1718 2957 In
1774 2861 1986 2959 fossis
2043 2890 2130 2959 ad
2187 2887 2523 2959 Slivnioa.

757 3023 1158 3112 Anayallis
1198 3028 1525 3097 arnensis
1582 3027 1663 3098 L.
1705 3029 1790 3098 In
1831 3032 2020 3099 arvis
2061 3030 2188 3099 sub
2228 3029 2406 3100 colle
2437 3027 2679 3100 Vrska
2701 3010 2924 3099 Ouka.

752 3166 844 3237 A..
901 3169 1246 3237 caerulea
1301 3166 1585 3238 Schreb.
1646 3166 1816 3239 Cum
1871 3171 2130 3258 priore.

758 3303 1179 3374 Androsace
1235 3302 1492 3373 villosa
1543 3304 1626 3375 L.
1683 3307 1768 3376 In
1826 3306 2102 3376 saxosis
2156 3325 2247 3373 m.
2304 3304 2610 3375 Midior.

744 3439 847 3515 A.
906 3464 1182 3538 carnea
1234 3446 1316 3517 L.
1377 3443 1545 3515 Cum
1601 3447 1860 3534 priore.

752 3585 846 3655 A.
909 3584 1251 3674 elonyata
1302 3584 1385 3655 L.
1469 3584 1553 3654 In
1622 3586 1893 3673 asperis
1971 3584 2058 3654 ad
2114 3582 2351 3653 Vrska
2405 3565 2631 3668 Ouka,
2715 3601 2928 3669 supra

433 3721 438 3726 ’
559 3710 963 3798 Dragoman
1020 3709 1278 3799 Bogaz.

756 3829 1099 3901 Primula
1174 3829 1454 3900 acaulis
1508 3830 1714 3919 Jacq.
1791 3830 1875 3900 In
1949 3828 2319 3917 sylvaticis
2397 3825 2600 3896 collis
2677 3821 2920 3913 Vrska

609 3951 703 4021 uk
757 4007 771 4022 .

549 3933 604 4022 G
708 3974 889 4139 aPr.
949 4069 1217 4141 elatior
1270 4069 1476 4159 Jacq.
1532 4037 1622 4140 *In
1679 4071 2150 4159 sylvestribus
2206 4090 2297 4140 m.
2357 4066 2471 4138 Sv.
2529 4065 2800 4137 Nikola
2855 4071 2928 4135 et

546 4212 638 4261 m.
698 4190 926 4264 Vitos.

757 4312 888 4383 Pr.
946 4314 1249 4386 minima
1299 4315 1381 4385 L.
1438 4315 1523 4385 In
1574 4316 2017 4403 rupsstribus
2071 4335 2161 4384 m.
2221 4310 2526 4383 Midior.

762 4452 1183 4524 Soldanella
1217 4448 1503 4544 Alpina
1539 4451 1621 4522 L.
1677 4451 1759 4520 In
1817 4452 2256 4540 rupestribus
2311 4473 2402 4521 m.
2460 4453 2583 4524 Tri
2624 4433 2817 4521 Cuke
2857 4461 2930 4523 et

559 4594 650 4643 m.
710 4573 1025 4664 Kopren.
