3532 5426
508 583 587 645 22

715 797 809 866 Α.
853 791 1154 884 pallida
1192 791 1302 862 W.
1327 787 1542 861 K.1n
1583 791 1772 861 arvis
1827 790 2017 859 inter
2057 786 2397 858 Caribrod
2437 792 2510 856 et
2547 783 2888 855 Slivnica.

715 936 808 1005 A.
864 933 1282 1007 cannatina
1333 931 1416 1003 L.
1475 931 1558 1001 In
1613 929 1936 1000 salicetis
1992 928 2077 998 ad
2136 927 2504 998 SamokoV.

714 1072 1099 1146 Lavatera.
1187 1064 1701 1154 Thuriuyiaca
1781 1065 1864 1137 L.
1931 1065 2044 1136 Ad
2123 1067 2475 1156 margines
2559 1085 2887 1156 agrorum

507 1219 726 1288 prope
793 1194 1160 1268 Oaribrod.
2219 1272 2224 1276 .

709 1334 973 1407 Malva
1028 1332 1411 1422 sylvestris
1465 1332 1548 1402 L.
1606 1332 1689 1400 In
1740 1329 2138 1401 hortulanis
2196 1327 2283 1397 ad
2341 1324 2550 1397 Sofia.

1399 1551 1773 1619 Tiliaccao
1820 1555 1856 1614 J
1861 1570 1973 1613 uss,

718 1718 783 1788 T
782 1715 926 1788 ilia
979 1707 1447 1807 grandifolia
1487 1713 1705 1784 Ehrh.
1763 1715 1858 1787 In.
1904 1713 2367 1803 sylvestribus
2404 1733 2498 1784 m.
2539 1710 2775 1783 Vitos.

724 1839 805 1909 Τ.
849 1836 1014 1908 alba
1083 1836 1195 1908 W.
1255 1836 1353 1908 K.
1411 1835 1515 1929 In·
1550 1835 2016 1925 sylvestribus
2073 1833 2278 1906 collis
2336 1832 2577 1904 Vrska
2630 1815 2858 1905 Cuka.

1324 2071 1865 2157 HypcrIcineae
1909 2077 2037 2136 DC.

534 2312 540 2317 ἢ
726 2219 816 2290 H
818 2220 1194 2311 ypericum
1249 2216 1694 2308 Olympicum
1745 2216 1829 2289 L.
1886 2218 1969 2288 In
2025 2217 2298 2288 saxosis
2355 2216 2443 2287 ad
2499 2202 2686 2286 viam
2739 2237 2887 2304 qua

502 2344 656 2413 itur
714 2363 754 2411 a
809 2341 966 2410 vico
1036 2338 1201 2409 Rilo
1260 2340 1348 2409 ad
1407 2338 1814 2409 coenobium
1871 2339 2176 2431 ejusdem
2227 2337 2554 2407 nominis.

709 2462 822 2532 H.
877 2457 1184 2532 Richari
1226 2459 1404 2530 Vill.
1470 2461 1553 2531 In
1608 2459 1996 2532 declivibus
2049 2481 2140 2529 m.
2184 2458 2473 2528 Bukova
2529 2456 2772 2529 Glava.

713 2582 828 2653 H.
884 2579 1360 2659 umbellaium
1415 2581 1634 2652 Kern.
1692 2581 1776 2651 In
1831 2580 2293 2670 sylvestribus
2347 2602 2438 2650 m.
2482 2578 2719 2651 Vitos.

710 2703 823 2775 H.
880 2701 1482 2794 quadrauyulum
1534 2702 1617 2773 L.
1668 2704 1749 2772 In
1804 2704 2086 2793 pascuis
2158 2724 2247 2773 m.
2302 2701 2595 2792 Kopren
2658 2707 2730 2772 et
2785 2724 2880 2773 m.

502 2827 696 2898 Rilo.

724 2946 838 3019 H.
891 2945 1365 3036 perforatum
1418 2945 1501 3017 L.
1558 2946 1641 3016 In
1696 2948 1964 3036 campis
2021 2947 2216 3016 circa
2254 2945 2463 3017 Sofia.

1359 3178 1852 3252 Geraniaceao
1895 3189 2024 3249 DC.

723 3328 1133 3400 Ger-auium
1189 3328 1764 3399 macrorrhizum
1821 3327 1903 3399 L.
1962 3328 2044 3399 In
2098 3329 2373 3399 saxosis
2410 3347 2501 3397 m.
2538 3326 2752 3398 Vitos
2810 3334 2886 3398 et

506 3472 597 3521 m.
656 3451 844 3523 Rilo.
1739 3441 1746 3447 ’

724 3571 812 3643 G.
854 3574 1178 3663 phaeum
1231 3573 1313 3643 L.
1372 3574 1456 3644 In
1494 3573 1966 3662 sylvestribus
2006 3579 2201 3643 retro
2233 3571 2637 3650 coenobium
2690 3570 2883 3641 Rilo.

722 3690 810 3763 G.
867 3693 1305 3783 sylvaticum
1358 3694 1441 3766 L.
1499 3695 1583 3765 In
1636 3696 1870 3784 pratis
1907 3692 2406 3764 excelsioribus
2443 3713 2533 3761 m.
2574 3691 2892 3782 Kopren.

567 3814 572 3820 '
723 3810 811 3884 G.
859 3811 1207 3905 palustre
1258 3813 1342 3885 L.
1402 3814 1485 3885 In
1537 3813 1965 3885 rivularibus
2021 3835 2113 3883 m.
2177 3812 2411 3883 Vitos.

716 3932 805 4005 G.
860 3934 1348 4025 sanguineum
1401 3934 1483 4004 L.
1539 3935 1624 4005 In
1681 3934 1946 4022 apricis
2004 3930 2208 4002 collis
2251 3932 2505 4003 Vrska
2544 3915 2765 4003 Ouka.

724 4053 814 4127 G.
871 4052 1359 4145 Pyrenaicum
1396 4055 1479 4127 L.
1537 4058 1618 4127 In
1658 4058 1959 4127 dumetis
2000 4056 2526 4127 demissioribus
2562 4077 2655 4125 m.
2695 4055 2891 4127 Rilo.

720 4172 810 4245 Gr.
881 4174 1384 4247 divaricatum
1482 4176 1701 4246 Ehrh.
1813 4178 1896 4247 In
1975 4177 2273 4247 dumetis
2358 4183 2550 4247 retro
2635 4198 2892 4248 coeno-

513 4297 699 4367 bium
767 4297 957 4368 Rilo.

728 4416 815 4488 G.
865 4416 1220 4508 pusillum
1273 4419 1356 4489 L.
1413 4420 1496 4490 In
1554 4422 1828 4491 saxosis
1886 4419 2010 4491 sub
2063 4441 2154 4489 m.
2214 4419 2450 4490 Vitos.

725 4537 814 4610 G.
855 4524 1372 4610 Rober‘tianum
1428 4540 1510 4610 L.
1567 4541 1650 4609 In
1707 4542 1981 4612 saxosis
2021 4540 2226 4611 collis
2269 4524 2767 4611 StrbiKamen
2821 4545 2902 4610 et

511 4679 603 4728 m.
662 4659 898 4731 Vitos.
