3532 5426
537 605 615 664 38

750 813 1054 886 Telekia
1107 815 1423 905 speciosa
1475 813 1765 904 Baumg.
1827 815 1910 884 In
1946 814 2249 889 dumetis
2314 812 2427 884 sv.
2485 812 2753 884 Nikola
2817 851 2918 903 -5

533 935 748 1007 Stara
799 936 1101 1007 Planina
1155 941 1231 1006 et
1283 955 1373 1006 m.
1433 936 1600 1006 Rilo
1657 936 1746 1006 ad
1799 935 2099 1006 rivulum
2153 934 2625 1027 Drusljavica.

741 1075 963 1146 [nula
1017 1074 1424 1146 Helenium
1480 1074 1559 1145 L.
1616 1075 1699 1145 In
1761 1075 2084 1146 salicetis
2142 1074 2230 1144 ad
2283 1072 2650 1146 Samokov.

738 1200 800 1270 I.
861 1193 1211 1281 ensifolia
1263 1196 1342 1266 L.
1402 1195 1482 1264 In
1538 1196 1811 1266 saxosis
1867 1215 2081 1284 supra
2137 1195 2540 1285 Dragoman
2594 1195 2858 1296 Bogaz.

737 1318 800 1394 Ι.
862 1317 1069 1389 hirta
1121 1317 1201 1388 L.
1261 1318 1341 1387 In
1401 1319 1674 1406 asperis
1732 1316 1937 1387 collis
1995 1314 2235 1389 Vrska
2291 1299 2513 1389 Ouka.

738 1439 802 1510 Ι.
868 1438 1154 1529 Gonyza
1208 1436 1353 1509 DC.
1411 1439 1493 1508 In
1551 1439 1825 1509 saxosis
1884 1438 2009 1509 sub
2066 1437 2245 1508 colle
2301 1437 2537 1509 Vrska
2591 1422 2813 1511 Ouka.

622 1674 631 1679 ,
735 1578 798 1648 I.
852 1575 1304 1647 Britannica
1358 1575 1435 1645 L.
1514 1576 1595 1645 In
1649 1577 1882 1664 pratis
1959 1576 2046 1645 ad
2110 1578 2335 1646 rivum
2406 1577 2614 1648 Iskra
2684 1597 2906 1667 prope

533 1682 743 1770 Sofia.
1576 1761 1579 1765 .

740 1819 1144 1891 Pulioaria
1199 1817 1658 1906 dysenterica
1715 1815 1955 1890 Gartn.
2014 1819 2098 1889 In
2151 1817 2363 1890 fossis
2422 1820 2506 1888 ad
2567 1818 2903 1890 Slivnica.

738 1941 1017 2014 Bidens
1076 1939 1468 2032 tripartita
1521 1939 1602 2010 L.
1661 1937 1832 2011 Gum
1885 1942 2145 2030 priore.

740 2062 1018 2150 Filayo
1075 2060 1520 2132 Germanica
1575 2062 1655 2132 L.
1740 2084 1889 2132 var.
1961 2062 2375 2153 flavescens,
2459 2063 2544 2132 In
2623 2062 2909 2151 pascuis

526 2185 892 2256 meridiem
942 2184 1167 2258 versis
1221 2203 1309 2252 m.
1369 2181 1651 2284 Streser
1709 2166 1798 2233 -4
1860 2181 2176 2256 Vlasina.

740 2305 839 2376 F.
900 2306 1233 2376 aroensis
1288 2306 1366 2376 L.
1428 2305 1511 2374 In
1567 2306 1835 2393 campis
1894 2306 2087 2375 circa
2142 2304 2349 2376 Sofia.

733 2427 823 2496 F.
882 2422 1194 2495 minima
1274 2423 1504 2495 Fries.
1591 2424 1674 2493 In
1749 2426 1981 2514 pratis
2066 2424 2530 2514 sylvestribus
2609 2446 2699 2496 m.
2789 2424 2901 2497 Sv.

523 2545 813 2616 Nikola.
870 2586 963 2596 —-
1022 2545 1236 2617 Stara
1289 2544 1612 2615 Planina.

735 2666 1236 2762 Gnaphalium
1293 2666 1733 2756 sylvaticum
1789 2667 1869 2738 L.
1928 2667 2011 2737 In
2062 2666 2379 2742 herbidis
2433 2691 2527 2743 m.
2588 2669 2778 2743 Rilo.

737 2805 873 2877 Gn.
932 2803 1288 2895 supinum
1343 2806 1421 2877 L.
1480 2808 1566 2877 In
1603 2807 2112 2879 excelsioribus
2143 2808 2269 2880 sub
2297 2830 2386 2880 m.
2421 2810 2544 2882 Tri
2578 2794 2772 2883 Ouke
2806 2851 2896 2862 —

523 2928 736 3000 Stara
797 2927 1105 2998 Planina
1158 2931 1232 2996 et
1284 2944 1374 2995 m.
1435 2924 1628 2996 Rilo.

734 3046 872 3118 Gn.
933 3045 1376 3137 uliyz'nosum
1431 3047 1510 3118 L.
1598 3048 1683 3117 In
1734 3049 1918 3137 ripis
1973 3049 2109 3119 rivi
2165 3049 2375 3121 Iskra
2455 3072 2595 3121 non
2656 3052 2900 3141 procul

525 3192 566 3239 a
627 3169 842 3242 Sofia.
1869 3244 1873 3250 .

730 3288 867 3359 Gn.
927 3288 1240 3360 dioieum
1295 3289 1374 3360 L.
1459 3291 1541 3361 In
1597 3289 2104 3362 excelsioribus
2177 3312 2266 3360 m.
2326 3290 2450 3372 Tri
2509 3274 2728 3379 Cuke,
2810 3314 2899 3364 m.

510 3409 731 3482 Vitos
788 3415 862 3479 et
917 3430 1007 3480 m.
1068 3410 1258 3481 Rilo.

730 3529 1131 3602 Artemisia
1189 3529 1660 3604 Absinthium
1716 3535 1795 3606 L.
1884 3533 1998 3604 Ad
2061 3537 2417 3625 margines
2497 3536 2656 3606 viae
2711 3537 2903 3607 inter

522 3650 723 3743 Balej
785 3657 859 3722 et
918 3650 1243 3743 Vladaja.

725 3771 819 3843 A.
876 3773 1210 3862 scoparia
1266 3772 1451 3846 WK.
1510 3777 1595 3847 In
1647 3781 1916 3868 campis
1974 3780 2167 3849 circa
2221 3776 2429 3851 Sofia.

724 3914 817 3981 A.
878 3915 1215 4000 vulyaris
1271 3914 1351 3984 L.
1410 3916 1495 3985 In
1549 3917 1781 4005 pratis
1839 3917 1928 3987 ad
1982 3917 2211 3986 rivum
2265 3916 2475 3988 Iskra
2537 3937 2675 3986 non
2728 3936 2893 4006 pro-

523 4030 633 4100 cul
691 4052 733 4100 a
786 4030 1002 4103 Sofia.

725 4149 1082 4222 Achillea·
1123 4152 1620 4242 Milcefolium
1703 4156 1783 4226 L.
1872 4157 1956 4226 In
2036 4158 2268 4246 pratis
2342 4158 2900 4245 depressioribus

519 4291 608 4340 m.
670 4269 883 4342 Vitos
939 4279 1014 4343 et
1068 4294 1157 4342 m.
1218 4274 1407 4345 Rilo.

729 4410 817 4479 Α.
878 4408 1368 4497 arithmifolia
1433 4410 1612 4483 WK.
1697 4413 1781 4482 In
1846 4415 2121 4484 saxosis
2198 4434 2410 4503 supra
2493 4416 2897 4508 Dragoman

519 4530 776 4619 Bogaz.
1897 4537 1900 4542 ⁴

723 4651 815 4722 A.
879 4655 1401 4742 tanacetifolia
1452 4658 1599 4727 All.
1686 4658 1769 4728 In
1824 4660 2058 4749 pratis
2112 4680 2201 4729 m.
2263 4659 2493 4732 Vitos.
