<?xml version="1.0" encoding="UTF-8"?>
<!DOCTYPE html PUBLIC "-//W3C//DTD XHTML 1.0 Transitional//EN"
    "http://www.w3.org/TR/xhtml1/DTD/xhtml1-transitional.dtd">
<html xmlns="http://www.w3.org/1999/xhtml" xml:lang="en" lang="en">
 <head>
  <title>
</title>
<meta http-equiv="Content-Type" content="text/html;charset=utf-8" />
  <meta name='ocr-system' content='tesseract 3.04.00' />
  <meta name='ocr-capabilities' content='ocr_page ocr_carea ocr_par ocr_line ocrx_word'/>
</head>
<body>
  <div class='ocr_page' id='page_1' title='image "./elementaadflora00pangoog_0062.png"; bbox 0 0 3532 5426; ppageno 0'>
   <div class='ocr_carea' id='block_1_1' title="bbox 2940 585 3023 646">
    <p class='ocr_par' dir='ltr' id='par_1_1' title="bbox 2940 585 3023 646">
     <span class='ocr_line' id='line_1_1' title="bbox 2940 585 3023 646; baseline 0 0"><span class='ocrx_word' id='word_1_1' title='bbox 2940 585 3023 646; x_wconf 78' lang='lat'>55</span> 
     </span>
    </p>
   </div>
   <div class='ocr_carea' id='block_1_2' title="bbox 856 746 2922 990">
    <p class='ocr_par' dir='ltr' id='par_1_2' title="bbox 856 746 2922 990">
     <span class='ocr_line' id='line_1_2' title="bbox 856 746 2922 886; baseline 0 -21"><span class='ocrx_word' id='word_1_2' title='bbox 856 792 1321 867; x_wconf 78' lang='lat' dir='ltr'>Pedicularis</span> <span class='ocrx_word' id='word_1_3' title='bbox 1361 794 1740 886; x_wconf 69' lang='lat' dir='ltr'>palustris</span> <span class='ocrx_word' id='word_1_4' title='bbox 1795 794 1879 867; x_wconf 88' lang='lat' dir='ltr'>L.</span> <span class='ocrx_word' id='word_1_5' title='bbox 1938 796 2023 866; x_wconf 90' lang='lat' dir='ltr'>In</span> <span class='ocrx_word' id='word_1_6' title='bbox 2081 796 2476 886; x_wconf 84' lang='lat' dir='ltr'>spongiosis</span> <span class='ocrx_word' id='word_1_7' title='bbox 2507 746 2622 867; x_wconf 44' lang='lat' dir='ltr'>-m·</span> <span class='ocrx_word' id='word_1_8' title='bbox 2683 795 2922 885; x_wconf 75' lang='lat' dir='ltr'>Vitos.</span> 
     </span>
     <span class='ocr_line' id='line_1_3' title="bbox 860 912 2851 990; baseline 0.004 -7"><span class='ocrx_word' id='word_1_9' title='bbox 860 912 944 988; x_wconf 91' lang='lat' dir='ltr'>P.</span> <span class='ocrx_word' id='word_1_10' title='bbox 996 935 1267 987; x_wconf 79' lang='lat' dir='ltr'>comosa</span> <span class='ocrx_word' id='word_1_11' title='bbox 1321 915 1404 986; x_wconf 90' lang='lat' dir='ltr'>L.</span> <span class='ocrx_word' id='word_1_12' title='bbox 1461 916 1543 986; x_wconf 91' lang='lat' dir='ltr'>In</span> <span class='ocrx_word' id='word_1_13' title='bbox 1597 915 1917 988; x_wconf 83' lang='lat' dir='ltr'>herbidis</span> <span class='ocrx_word' id='word_1_14' title='bbox 1971 937 2062 987; x_wconf 94' lang='lat' dir='ltr'>m.</span> <span class='ocrx_word' id='word_1_15' title='bbox 2122 915 2332 989; x_wconf 74' lang='lat' dir='ltr'>Vitos</span> <span class='ocrx_word' id='word_1_16' title='bbox 2385 923 2459 987; x_wconf 81' lang='lat' dir='ltr'>et</span> <span class='ocrx_word' id='word_1_17' title='bbox 2513 939 2605 988; x_wconf 90' lang='lat' dir='ltr'>m.</span> <span class='ocrx_word' id='word_1_18' title='bbox 2662 918 2851 990; x_wconf 89' lang='lat' dir='ltr'>Rilo.</span> 
     </span>
    </p>
   </div>
   <div class='ocr_carea' id='block_1_3' title="bbox 644 1022 3022 1227">
    <p class='ocr_par' dir='ltr' id='par_1_3' title="bbox 644 1022 3022 1227">
     <span class='ocr_line' id='line_1_4' title="bbox 849 1022 3022 1133; baseline 0.005 -29"><span class='ocrx_word' id='word_1_19' title='bbox 849 1034 927 1104; x_wconf 89' lang='lat' dir='ltr'>P.</span> <span class='ocrx_word' id='word_1_20' title='bbox 965 1034 1423 1109; x_wconf 80' lang='lat' dir='ltr'>verticillata</span> <span class='ocrx_word' id='word_1_21' title='bbox 1458 1038 1539 1111; x_wconf 90' lang='lat' dir='ltr'>L.</span> <span class='ocrx_word' id='word_1_22' title='bbox 1598 1040 1682 1110; x_wconf 87' lang='lat' dir='ltr'>In</span> <span class='ocrx_word' id='word_1_23' title='bbox 1709 1039 2024 1111; x_wconf 82' lang='lat' dir='ltr'><strong>herbidis</strong></span> <span class='ocrx_word' id='word_1_24' title='bbox 2053 1061 2145 1112; x_wconf 94' lang='lat' dir='ltr'>m.</span> <span class='ocrx_word' id='word_1_25' title='bbox 2185 1040 2308 1111; x_wconf 86' lang='lat' dir='ltr'>Tri</span> <span class='ocrx_word' id='word_1_26' title='bbox 2340 1022 2560 1129; x_wconf 71' lang='lat' dir='ltr'>Ouke‚</span> <span class='ocrx_word' id='word_1_27' title='bbox 2598 1063 2689 1113; x_wconf 95' lang='lat' dir='ltr'>m.</span> <span class='ocrx_word' id='word_1_28' title='bbox 2730 1043 3022 1133; x_wconf 89' lang='lat' dir='ltr'>Kopren</span> 
     </span>
     <span class='ocr_line' id='line_1_5' title="bbox 644 1153 1107 1227; baseline 0.002 -2"><span class='ocrx_word' id='word_1_29' title='bbox 644 1159 717 1225; x_wconf 82' lang='lat' dir='ltr'>et</span> <span class='ocrx_word' id='word_1_30' title='bbox 770 1175 860 1224; x_wconf 94' lang='lat' dir='ltr'>m.</span> <span class='ocrx_word' id='word_1_31' title='bbox 917 1153 1107 1227; x_wconf 87' lang='lat' dir='ltr'>Rilo.</span> 
     </span>
    </p>
   </div>
   <div class='ocr_carea' id='block_1_4' title="bbox 645 1271 3029 1448">
    <p class='ocr_par' dir='ltr' id='par_1_4' title="bbox 645 1271 3029 1448">
     <span class='ocr_line' id='line_1_6' title="bbox 796 1271 3029 1448; baseline 0.004 -104"><span class='ocrx_word' id='word_1_32' title='bbox 796 1271 1330 1448; x_wconf 40' lang='lat' dir='ltr'>thinanthus</span> <span class='ocrx_word' id='word_1_33' title='bbox 1366 1279 1622 1369; x_wconf 63' lang='grc' dir='ltr'>Δφηιιρον</span> <span class='ocrx_word' id='word_1_34' title='bbox 1693 1279 1913 1351; x_wconf 92' lang='lat' dir='ltr'>Ehrh.</span> <span class='ocrx_word' id='word_1_35' title='bbox 1997 1280 2081 1350; x_wconf 90' lang='lat' dir='ltr'>In</span> <span class='ocrx_word' id='word_1_36' title='bbox 2134 1282 2451 1354; x_wconf 81' lang='lat' dir='ltr'>herbidis</span> <span class='ocrx_word' id='word_1_37' title='bbox 2532 1303 2623 1353; x_wconf 93' lang='lat' dir='ltr'>m.</span> <span class='ocrx_word' id='word_1_38' title='bbox 2683 1281 2899 1354; x_wconf 75' lang='lat' dir='ltr'>Vitos</span> <span class='ocrx_word' id='word_1_39' title='bbox 2954 1292 3029 1354; x_wconf 74' lang='lat' dir='ltr'>et,</span> 
     </span>
     <span class='ocr_line' id='line_1_7' title="bbox 645 1397 989 1447; baseline 0.006 -2"><span class='ocrx_word' id='word_1_40' title='bbox 645 1397 734 1446; x_wconf 92' lang='lat' dir='ltr'>m.</span> <span class='ocrx_word' id='word_1_41' title='bbox 864 1400 889 1447; x_wconf 91' lang='lat'>1</span> <span class='ocrx_word' id='word_1_42' title='bbox 926 1398 989 1447; x_wconf 93' lang='lat' dir='ltr'>o.</span> 
     </span>
    </p>
   </div>
   <div class='ocr_carea' id='block_1_5' title="bbox 648 1498 3032 1837">
    <p class='ocr_par' dir='ltr' id='par_1_5' title="bbox 648 1498 3032 1837">
     <span class='ocr_line' id='line_1_8' title="bbox 855 1498 3031 1596; baseline 0.004 -27"><span class='ocrx_word' id='word_1_43' title='bbox 855 1498 1295 1587; x_wconf 68' lang='lat' dir='ltr'>Eupho-asia</span> <span class='ocrx_word' id='word_1_44' title='bbox 1321 1501 1712 1596; x_wconf 77' lang='lat' dir='ltr'>officinalis</span> <span class='ocrx_word' id='word_1_45' title='bbox 1749 1504 1833 1575; x_wconf 93' lang='lat' dir='ltr'>L.</span> <span class='ocrx_word' id='word_1_46' title='bbox 1876 1506 1957 1576; x_wconf 91' lang='lat' dir='ltr'>In</span> <span class='ocrx_word' id='word_1_47' title='bbox 1996 1505 2311 1577; x_wconf 82' lang='lat' dir='ltr'>herbidis</span> <span class='ocrx_word' id='word_1_48' title='bbox 2349 1505 2771 1579; x_wconf 82' lang='lat' dir='ltr'>elatioribus</span> <span class='ocrx_word' id='word_1_49' title='bbox 2802 1509 3031 1578; x_wconf 80' lang='lat' dir='ltr'>totius</span> 
     </span>
     <span class='ocr_line' id='line_1_9' title="bbox 648 1617 2564 1708; baseline 0.004 -20"><span class='ocrx_word' id='word_1_50' title='bbox 648 1624 922 1690; x_wconf 80' lang='lat' dir='ltr'>tractus</span> <span class='ocrx_word' id='word_1_51' title='bbox 979 1617 1192 1688; x_wconf 80' lang='lat' dir='ltr'>Stara</span> <span class='ocrx_word' id='word_1_52' title='bbox 1244 1620 1596 1708; x_wconf 90' lang='lat' dir='ltr'>Planina;</span> <span class='ocrx_word' id='word_1_53' title='bbox 1654 1646 1745 1694; x_wconf 93' lang='lat' dir='ltr'>m.</span> <span class='ocrx_word' id='word_1_54' title='bbox 1807 1626 2026 1697; x_wconf 79' lang='lat' dir='ltr'>Vitos</span> <span class='ocrx_word' id='word_1_55' title='bbox 2082 1646 2161 1696; x_wconf 82' lang='lat' dir='ltr'>ao</span> <span class='ocrx_word' id='word_1_56' title='bbox 2215 1645 2307 1695; x_wconf 95' lang='lat' dir='ltr'>m.</span> <span class='ocrx_word' id='word_1_57' title='bbox 2371 1624 2564 1698; x_wconf 88' lang='lat' dir='ltr'>Rilo.</span> 
     </span>
     <span class='ocr_line' id='line_1_10' title="bbox 861 1738 3032 1837; baseline 0.003 -26"><span class='ocrx_word' id='word_1_58' title='bbox 861 1738 1233 1814; x_wconf 74' lang='lat' dir='ltr'>odontites</span> <span class='ocrx_word' id='word_1_59' title='bbox 1288 1741 1494 1815; x_wconf 78' lang='lat' dir='ltr'>lutea</span> <span class='ocrx_word' id='word_1_60' title='bbox 1546 1745 1630 1817; x_wconf 96' lang='lat' dir='ltr'>L.</span> <span class='ocrx_word' id='word_1_61' title='bbox 1686 1746 1772 1816; x_wconf 91' lang='lat' dir='ltr'>In</span> <span class='ocrx_word' id='word_1_62' title='bbox 1829 1748 2098 1837; x_wconf 90' lang='lat' dir='ltr'>asperis</span> <span class='ocrx_word' id='word_1_63' title='bbox 2156 1745 2361 1817; x_wconf 82' lang='lat' dir='ltr'>collis</span> <span class='ocrx_word' id='word_1_64' title='bbox 2418 1743 2708 1817; x_wconf 88' lang='lat' dir='ltr'>Golema</span> <span class='ocrx_word' id='word_1_65' title='bbox 2755 1745 3032 1820; x_wconf 88' lang='lat' dir='ltr'>Glama.</span> 
     </span>
    </p>
   </div>
   <div class='ocr_carea' id='block_1_6' title="bbox 850 1861 2848 2063">
    <p class='ocr_par' dir='ltr' id='par_1_6' title="bbox 850 1861 2848 2063">
     <span class='ocr_line' id='line_1_11' title="bbox 854 1861 2848 1952; baseline 0.003 -19"><span class='ocrx_word' id='word_1_66' title='bbox 854 1861 939 1934; x_wconf 87' lang='grc' dir='ltr'>Ο.</span> <span class='ocrx_word' id='word_1_67' title='bbox 998 1861 1376 1952; x_wconf 67' lang='grc' dir='ltr'><em>,ᾳῑαιίηοεα</em></span> <span class='ocrx_word' id='word_1_68' title='bbox 1428 1866 1532 1937; x_wconf 92' lang='lat' dir='ltr'>M.</span> <span class='ocrx_word' id='word_1_69' title='bbox 1589 1867 1681 1938; x_wconf 71' lang='lat' dir='ltr'><strong>B.</strong></span> <span class='ocrx_word' id='word_1_70' title='bbox 1729 1869 1812 1939; x_wconf 90' lang='lat' dir='ltr'>In</span> <span class='ocrx_word' id='word_1_71' title='bbox 1866 1868 2185 1940; x_wconf 86' lang='lat' dir='ltr'>herbidis</span> <span class='ocrx_word' id='word_1_72' title='bbox 2239 1868 2454 1937; x_wconf 86' lang='lat' dir='ltr'>medii</span> <span class='ocrx_word' id='word_1_73' title='bbox 2509 1888 2599 1938; x_wconf 94' lang='lat' dir='ltr'>m.</span> <span class='ocrx_word' id='word_1_74' title='bbox 2656 1868 2848 1939; x_wconf 84' lang='lat' dir='ltr'>Rilo.</span> 
     </span>
     <span class='ocr_line' id='line_1_12' title="bbox 850 1982 2539 2063; baseline 0.005 -10"><span class='ocrx_word' id='word_1_75' title='bbox 850 1982 931 2053; x_wconf 90' lang='lat' dir='ltr'><strong>O.</strong></span> <span class='ocrx_word' id='word_1_76' title='bbox 988 1982 1314 2053; x_wconf 78' lang='lat' dir='ltr'>serotina</span> <span class='ocrx_word' id='word_1_77' title='bbox 1365 1982 1563 2055; x_wconf 93' lang='lat' dir='ltr'>Lam.</span> <span class='ocrx_word' id='word_1_78' title='bbox 1620 1986 1705 2056; x_wconf 90' lang='lat' dir='ltr'>In</span> <span class='ocrx_word' id='word_1_79' title='bbox 1758 1987 1974 2059; x_wconf 87' lang='lat' dir='ltr'>fossis</span> <span class='ocrx_word' id='word_1_80' title='bbox 2031 1990 2119 2060; x_wconf 85' lang='lat' dir='ltr'>ad</span> <span class='ocrx_word' id='word_1_81' title='bbox 2174 1988 2539 2063; x_wconf 81' lang='lat' dir='ltr'>SamokoV.</span> 
     </span>
    </p>
   </div>
   <div class='ocr_carea' id='block_1_7' title="bbox 1562 2199 2121 2274">
    <p class='ocr_par' dir='ltr' id='par_1_7' title="bbox 1562 2199 2121 2274">
     <span class='ocr_line' id='line_1_13' title="bbox 1562 2199 2121 2274; baseline 0.007 -4"><span class='ocrx_word' id='word_1_82' title='bbox 1562 2199 1916 2273; x_wconf 82' lang='lat' dir='ltr'>Labiatae</span> <span class='ocrx_word' id='word_1_83' title='bbox 1962 2213 1999 2271; x_wconf 89' lang='lat' dir='ltr'><strong>J</strong></span> <span class='ocrx_word' id='word_1_84' title='bbox 2004 2229 2121 2274; x_wconf 62' lang='lat' dir='ltr'>uss</span> 
     </span>
    </p>
   </div>
   <div class='ocr_carea' id='block_1_8' title="bbox 646 2361 3030 2555">
    <p class='ocr_par' dir='ltr' id='par_1_8' title="bbox 646 2361 3030 2555">
     <span class='ocr_line' id='line_1_14' title="bbox 865 2361 3030 2458; baseline 0.004 -25"><span class='ocrx_word' id='word_1_85' title='bbox 865 2362 1179 2434; x_wconf 79' lang='lat' dir='ltr'>Mentha</span> <span class='ocrx_word' id='word_1_86' title='bbox 1232 2361 1612 2451; x_wconf 70' lang='lat' dir='ltr'>sylvestris</span> <span class='ocrx_word' id='word_1_87' title='bbox 1683 2366 1768 2437; x_wconf 94' lang='lat' dir='ltr'>L.</span> <span class='ocrx_word' id='word_1_88' title='bbox 1852 2369 1933 2438; x_wconf 91' lang='lat' dir='ltr'>In</span> <span class='ocrx_word' id='word_1_89' title='bbox 2016 2369 2227 2441; x_wconf 85' lang='lat' dir='ltr'>fossis</span> <span class='ocrx_word' id='word_1_90' title='bbox 2313 2371 2400 2441; x_wconf 91' lang='lat' dir='ltr'>ad</span> <span class='ocrx_word' id='word_1_91' title='bbox 2484 2369 2817 2458; x_wconf 84' lang='lat' dir='ltr'>Slivnioa‚</span> <span class='ocrx_word' id='word_1_92' title='bbox 2902 2371 3030 2441; x_wconf 90' lang='lat' dir='ltr'>sub</span> 
     </span>
     <span class='ocr_line' id='line_1_15' title="bbox 646 2481 1057 2555; baseline -0.002 -2"><span class='ocrx_word' id='word_1_93' title='bbox 646 2505 736 2553; x_wconf 92' lang='lat' dir='ltr'>m.</span> <span class='ocrx_word' id='word_1_94' title='bbox 800 2481 1057 2555; x_wconf 77' lang='lat' dir='ltr'><strong>Vitos..</strong></span> 
     </span>
    </p>
   </div>
   <div class='ocr_carea' id='block_1_9' title="bbox 856 2603 2061 2700">
    <p class='ocr_par' dir='ltr' id='par_1_9' title="bbox 856 2603 2061 2700">
     <span class='ocr_line' id='line_1_16' title="bbox 856 2603 2061 2700; baseline 0.004 -24"><span class='ocrx_word' id='word_1_95' title='bbox 856 2603 967 2676; x_wconf 90' lang='lat' dir='ltr'>M.</span> <span class='ocrx_word' id='word_1_96' title='bbox 1030 2605 1386 2693; x_wconf 76' lang='lat' dir='ltr'>aquatica</span> <span class='ocrx_word' id='word_1_97' title='bbox 1437 2604 1520 2676; x_wconf 91' lang='lat' dir='ltr'>L.</span> <span class='ocrx_word' id='word_1_98' title='bbox 1580 2605 1749 2679; x_wconf 84' lang='lat' dir='ltr'>Cum</span> <span class='ocrx_word' id='word_1_99' title='bbox 1804 2612 2061 2700; x_wconf 91' lang='lat' dir='ltr'>priore.</span> 
     </span>
    </p>
   </div>
   <div class='ocr_carea' id='block_1_10' title="bbox 649 2725 3027 3792">
    <p class='ocr_par' dir='ltr' id='par_1_10' title="bbox 857 2725 3027 2824">
     <span class='ocr_line' id='line_1_17' title="bbox 857 2725 3027 2824; baseline 0.002 -24"><span class='ocrx_word' id='word_1_100' title='bbox 857 2729 966 2800; x_wconf 85' lang='lat' dir='ltr'><strong>M.</strong></span> <span class='ocrx_word' id='word_1_101' title='bbox 1033 2725 1425 2817; x_wconf 71' lang='lat' dir='ltr'>Puleyium</span> <span class='ocrx_word' id='word_1_102' title='bbox 1477 2729 1559 2800; x_wconf 91' lang='lat' dir='ltr'><strong>L.</strong></span> <span class='ocrx_word' id='word_1_103' title='bbox 1617 2731 1700 2801; x_wconf 90' lang='lat' dir='ltr'>In</span> <span class='ocrx_word' id='word_1_104' title='bbox 1739 2734 2099 2806; x_wconf 83' lang='lat' dir='ltr'>inundatis</span> <span class='ocrx_word' id='word_1_105' title='bbox 2138 2735 2274 2804; x_wconf 88' lang='lat' dir='ltr'>rivi</span> <span class='ocrx_word' id='word_1_106' title='bbox 2316 2734 2523 2805; x_wconf 89' lang='lat' dir='ltr'>Iskra</span> <span class='ocrx_word' id='word_1_107' title='bbox 2562 2755 2778 2824; x_wconf 88' lang='lat' dir='ltr'>prope</span> <span class='ocrx_word' id='word_1_108' title='bbox 2817 2732 3027 2806; x_wconf 87' lang='lat' dir='ltr'><strong>Sofia.</strong></span> 
     </span>
    </p>

    <p class='ocr_par' dir='ltr' id='par_1_11' title="bbox 857 2850 3026 2947">
     <span class='ocr_line' id='line_1_18' title="bbox 857 2850 3026 2947; baseline 0.001 -27"><span class='ocrx_word' id='word_1_109' title='bbox 857 2850 1192 2942; x_wconf 74' lang='lat' dir='ltr'>Lycopus</span> <span class='ocrx_word' id='word_1_110' title='bbox 1223 2852 1654 2944; x_wconf 71' lang='lat' dir='ltr'>Europaeus</span> <span class='ocrx_word' id='word_1_111' title='bbox 1690 2856 1775 2928; x_wconf 96' lang='lat' dir='ltr'><strong>L.</strong></span> <span class='ocrx_word' id='word_1_112' title='bbox 1831 2857 1940 2927; x_wconf 90' lang='lat' dir='ltr'>Ad</span> <span class='ocrx_word' id='word_1_113' title='bbox 1999 2858 2229 2947; x_wconf 82' lang='lat' dir='ltr'>ripam</span> <span class='ocrx_word' id='word_1_114' title='bbox 2266 2855 2512 2927; x_wconf 86' lang='lat' dir='ltr'>Iskrae</span> <span class='ocrx_word' id='word_1_115' title='bbox 2551 2875 2770 2945; x_wconf 89' lang='lat' dir='ltr'>prope</span> <span class='ocrx_word' id='word_1_116' title='bbox 2813 2852 3026 2924; x_wconf 87' lang='lat' dir='ltr'><strong>Sofia.</strong></span> 
     </span>
    </p>

    <p class='ocr_par' dir='ltr' id='par_1_12' title="bbox 858 2971 3025 3065">
     <span class='ocr_line' id='line_1_19' title="bbox 858 2971 3025 3065; baseline 0.001 -24"><span class='ocrx_word' id='word_1_117' title='bbox 858 2971 1124 3042; x_wconf 78' lang='lat' dir='ltr'>Salvia</span> <span class='ocrx_word' id='word_1_118' title='bbox 1174 2971 1536 3060; x_wconf 70' lang='lat' dir='ltr'>qlutinosa</span> <span class='ocrx_word' id='word_1_119' title='bbox 1575 2975 1659 3046; x_wconf 94' lang='lat' dir='ltr'><strong>L.</strong></span> <span class='ocrx_word' id='word_1_120' title='bbox 1715 2977 1801 3047; x_wconf 91' lang='lat' dir='ltr'>In</span> <span class='ocrx_word' id='word_1_121' title='bbox 1847 2978 2213 3065; x_wconf 83' lang='lat' dir='ltr'>sylvatiois</span> <span class='ocrx_word' id='word_1_122' title='bbox 2242 2998 2333 3046; x_wconf 93' lang='lat' dir='ltr'>m.</span> <span class='ocrx_word' id='word_1_123' title='bbox 2368 2974 2576 3047; x_wconf 78' lang='lat' dir='ltr'>Vitos</span> <span class='ocrx_word' id='word_1_124' title='bbox 2607 2980 2681 3045; x_wconf 80' lang='lat' dir='ltr'>et</span> <span class='ocrx_word' id='word_1_125' title='bbox 2707 2995 2798 3045; x_wconf 94' lang='lat' dir='ltr'>m.</span> <span class='ocrx_word' id='word_1_126' title='bbox 2833 2972 3025 3045; x_wconf 75' lang='lat' dir='ltr'><strong>Rilo.</strong></span> 
     </span>
    </p>

    <p class='ocr_par' dir='ltr' id='par_1_13' title="bbox 650 3091 3024 3288">
     <span class='ocr_line' id='line_1_20' title="bbox 858 3091 3024 3184; baseline 0 -22"><span class='ocrx_word' id='word_1_127' title='bbox 858 3095 935 3163; x_wconf 88' lang='lat' dir='ltr'><strong>S.</strong></span> <span class='ocrx_word' id='word_1_128' title='bbox 991 3092 1372 3184; x_wconf 78' lang='lat' dir='ltr'>Aethiopis</span> <span class='ocrx_word' id='word_1_129' title='bbox 1427 3094 1510 3166; x_wconf 96' lang='lat' dir='ltr'><strong>L.</strong></span> <span class='ocrx_word' id='word_1_130' title='bbox 1593 3096 1706 3165; x_wconf 94' lang='lat' dir='ltr'>Ad</span> <span class='ocrx_word' id='word_1_131' title='bbox 1771 3097 2123 3184; x_wconf 84' lang='lat' dir='ltr'>margines</span> <span class='ocrx_word' id='word_1_132' title='bbox 2195 3099 2352 3167; x_wconf 84' lang='lat' dir='ltr'>viae</span> <span class='ocrx_word' id='word_1_133' title='bbox 2433 3097 2625 3166; x_wconf 82' lang='lat' dir='ltr'>inter</span> <span class='ocrx_word' id='word_1_134' title='bbox 2681 3091 3024 3165; x_wconf 87' lang='lat' dir='ltr'>Caribrod</span> 
     </span>
     <span class='ocr_line' id='line_1_21' title="bbox 650 3215 1116 3288; baseline -0.002 -4"><span class='ocrx_word' id='word_1_135' title='bbox 650 3220 724 3284; x_wconf 79' lang='lat' dir='ltr'>et</span> <span class='ocrx_word' id='word_1_136' title='bbox 778 3215 1116 3288; x_wconf 83' lang='lat' dir='ltr'>Slivnioa.</span> 
     </span>
    </p>

    <p class='ocr_par' dir='ltr' id='par_1_14' title="bbox 853 3315 2945 3425">
     <span class='ocr_line' id='line_1_22' title="bbox 853 3315 2945 3425; baseline 0 -21"><span class='ocrx_word' id='word_1_137' title='bbox 853 3337 931 3405; x_wconf 88' lang='lat' dir='ltr'><strong>S.</strong></span> <span class='ocrx_word' id='word_1_138' title='bbox 990 3334 1293 3406; x_wconf 77' lang='lat' dir='ltr'>Solarea</span> <span class='ocrx_word' id='word_1_139' title='bbox 1344 3335 1427 3407; x_wconf 93' lang='lat' dir='ltr'><strong>L.</strong></span> <span class='ocrx_word' id='word_1_140' title='bbox 1468 3315 1568 3406; x_wconf 63' lang='lat' dir='ltr'>¹In</span> <span class='ocrx_word' id='word_1_141' title='bbox 1622 3339 1897 3408; x_wconf 83' lang='lat' dir='ltr'>saxosis</span> <span class='ocrx_word' id='word_1_142' title='bbox 1953 3357 2166 3425; x_wconf 89' lang='lat' dir='ltr'>supra</span> <span class='ocrx_word' id='word_1_143' title='bbox 2224 3335 2631 3425; x_wconf 86' lang='lat' dir='ltr'>Dragoman</span> <span class='ocrx_word' id='word_1_144' title='bbox 2685 3337 2945 3424; x_wconf 87' lang='lat' dir='ltr'>Bogaz.</span> 
     </span>
    </p>

    <p class='ocr_par' dir='ltr' id='par_1_15' title="bbox 649 3456 3022 3651">
     <span class='ocr_line' id='line_1_23' title="bbox 857 3456 3022 3548; baseline -0.001 -20"><span class='ocrx_word' id='word_1_145' title='bbox 857 3457 931 3528; x_wconf 89' lang='lat' dir='ltr'><strong>S.</strong></span> <span class='ocrx_word' id='word_1_146' title='bbox 980 3458 1352 3548; x_wconf 77' lang='lat' dir='ltr'>pratensis</span> <span class='ocrx_word' id='word_1_147' title='bbox 1404 3456 1487 3527; x_wconf 96' lang='lat' dir='ltr'><strong>L.</strong></span> <span class='ocrx_word' id='word_1_148' title='bbox 1545 3457 1629 3527; x_wconf 90' lang='lat' dir='ltr'>In</span> <span class='ocrx_word' id='word_1_149' title='bbox 1683 3459 1919 3547; x_wconf 82' lang='lat' dir='ltr'>pratis</span> <span class='ocrx_word' id='word_1_150' title='bbox 1961 3456 2431 3546; x_wconf 81' lang='lat' dir='ltr'>sylvestribus</span> <span class='ocrx_word' id='word_1_151' title='bbox 2497 3457 2624 3528; x_wconf 93' lang='lat' dir='ltr'>sub</span> <span class='ocrx_word' id='word_1_152' title='bbox 2664 3456 2840 3527; x_wconf 84' lang='lat' dir='ltr'>colle</span> <span class='ocrx_word' id='word_1_153' title='bbox 2882 3456 3022 3526; x_wconf 91' lang='lat' dir='ltr'>Vr-</span> 
     </span>
     <span class='ocr_line' id='line_1_24' title="bbox 649 3562 1060 3651; baseline -0.002 -2"><span class='ocrx_word' id='word_1_154' title='bbox 649 3581 777 3651; x_wconf 76' lang='lat' dir='ltr'>ska</span> <span class='ocrx_word' id='word_1_155' title='bbox 837 3562 1060 3651; x_wconf 73' lang='lat' dir='ltr'><strong>Cuka.</strong></span> 
     </span>
    </p>

    <p class='ocr_par' dir='ltr' id='par_1_16' title="bbox 860 3699 2494 3792">
     <span class='ocr_line' id='line_1_25' title="bbox 860 3699 2494 3792; baseline -0.002 -18"><span class='ocrx_word' id='word_1_156' title='bbox 860 3701 931 3774; x_wconf 88' lang='lat' dir='ltr'><strong>S.</strong></span> <span class='ocrx_word' id='word_1_157' title='bbox 990 3699 1374 3789; x_wconf 75' lang='lat' dir='ltr'>sylvestris</span> <span class='ocrx_word' id='word_1_158' title='bbox 1428 3701 1511 3773; x_wconf 91' lang='lat' dir='ltr'><strong>L.</strong></span> <span class='ocrx_word' id='word_1_159' title='bbox 1567 3702 1648 3772; x_wconf 91' lang='lat' dir='ltr'>In</span> <span class='ocrx_word' id='word_1_160' title='bbox 1708 3703 1980 3792; x_wconf 84' lang='lat' dir='ltr'>campis</span> <span class='ocrx_word' id='word_1_161' title='bbox 2035 3705 2229 3773; x_wconf 83' lang='lat' dir='ltr'>circa</span> <span class='ocrx_word' id='word_1_162' title='bbox 2284 3699 2494 3774; x_wconf 87' lang='lat' dir='ltr'><strong>Sofia.</strong></span> 
     </span>
    </p>
   </div>
   <div class='ocr_carea' id='block_1_11' title="bbox 651 3820 3030 3997">
    <p class='ocr_par' dir='ltr' id='par_1_17' title="bbox 651 3820 3030 3997">
     <span class='ocr_line' id='line_1_26' title="bbox 695 3820 3030 3995; baseline -0.001 -102"><span class='ocrx_word' id='word_1_163' title='bbox 695 3925 740 3994; x_wconf 73' lang='lat' dir='ltr'>d</span> <span class='ocrx_word' id='word_1_164' title='bbox 798 3821 940 3995; x_wconf 53' lang='lat' dir='ltr'>SSfi</span> <span class='ocrx_word' id='word_1_165' title='bbox 985 3820 1438 3894; x_wconf 76' lang='lat' dir='ltr'>verticillata</span> <span class='ocrx_word' id='word_1_166' title='bbox 1490 3822 1573 3894; x_wconf 90' lang='lat' dir='ltr'><strong>L.</strong></span> <span class='ocrx_word' id='word_1_167' title='bbox 1630 3823 1742 3893; x_wconf 92' lang='lat' dir='ltr'>Ad</span> <span class='ocrx_word' id='word_1_168' title='bbox 1796 3821 2178 3913; x_wconf 68' lang='lat' dir='ltr'>m&#39;arigines</span> <span class='ocrx_word' id='word_1_169' title='bbox 2237 3842 2561 3910; x_wconf 87' lang='lat' dir='ltr'>agrorum</span> <span class='ocrx_word' id='word_1_170' title='bbox 2618 3843 2658 3890; x_wconf 90' lang='lat' dir='ltr'>a</span> <span class='ocrx_word' id='word_1_171' title='bbox 2713 3820 3030 3892; x_wconf 86' lang='lat' dir='ltr'>Slivnica</span> 
     </span>
     <span class='ocr_line' id='line_1_27' title="bbox 651 3945 1009 3997; baseline 0.003 -3"><span class='ocrx_word' id='word_1_172' title='bbox 651 3947 691 3994; x_wconf 91' lang='lat' dir='ltr'>a</span> <span class='ocrx_word' id='word_1_173' title='bbox 849 3945 889 3997; x_wconf 95' lang='lat' dir='ltr'>o</span> <span class='ocrx_word' id='word_1_174' title='bbox 945 3949 1009 3996; x_wconf 94' lang='lat' dir='ltr'>a.</span> 
     </span>
    </p>
   </div>
   <div class='ocr_carea' id='block_1_12' title="bbox 650 4042 3029 4239">
    <p class='ocr_par' dir='ltr' id='par_1_18' title="bbox 650 4042 3029 4239">
     <span class='ocr_line' id='line_1_28' title="bbox 864 4042 3029 4137; baseline -0.001 -20"><span class='ocrx_word' id='word_1_175' title='bbox 864 4045 1188 4137; x_wconf 74' lang='lat' dir='ltr'>Thymus</span> <span class='ocrx_word' id='word_1_176' title='bbox 1228 4045 1634 4136; x_wconf 75' lang='lat' dir='ltr'>Serpyllum</span> <span class='ocrx_word' id='word_1_177' title='bbox 1689 4045 1771 4117; x_wconf 95' lang='lat' dir='ltr'><strong>L.</strong></span> <span class='ocrx_word' id='word_1_178' title='bbox 1830 4047 1914 4117; x_wconf 91' lang='lat' dir='ltr'>In</span> <span class='ocrx_word' id='word_1_179' title='bbox 1954 4047 2218 4136; x_wconf 80' lang='lat' dir='ltr'>apricis</span> <span class='ocrx_word' id='word_1_180' title='bbox 2249 4047 2666 4117; x_wconf 82' lang='lat' dir='ltr'>elatioribus</span> <span class='ocrx_word' id='word_1_181' title='bbox 2695 4066 2785 4116; x_wconf 93' lang='lat' dir='ltr'>m.</span> <span class='ocrx_word' id='word_1_182' title='bbox 2818 4042 3029 4116; x_wconf 74' lang='lat' dir='ltr'>Vitos</span> 
     </span>
     <span class='ocr_line' id='line_1_29' title="bbox 650 4167 1116 4239; baseline 0 -1"><span class='ocrx_word' id='word_1_183' title='bbox 650 4176 722 4238; x_wconf 78' lang='lat' dir='ltr'>et</span> <span class='ocrx_word' id='word_1_184' title='bbox 774 4189 867 4239; x_wconf 96' lang='lat' dir='ltr'>m.</span> <span class='ocrx_word' id='word_1_185' title='bbox 924 4167 1116 4239; x_wconf 88' lang='lat' dir='ltr'>Rilo.</span> 
     </span>
    </p>
   </div>
   <div class='ocr_carea' id='block_1_13' title="bbox 656 4251 3029 4462">
    <p class='ocr_par' dir='ltr' id='par_1_19' title="bbox 656 4251 3029 4462">
     <span class='ocr_line' id='line_1_30' title="bbox 656 4251 3029 4461; baseline -0 -103"><span class='ocrx_word' id='word_1_186' title='bbox 656 4387 741 4461; x_wconf 71' lang='lat' dir='ltr'>Gl</span> <span class='ocrx_word' id='word_1_187' title='bbox 857 4287 1235 4378; x_wconf 66' lang='lat' dir='ltr'>Satureja,</span> <span class='ocrx_word' id='word_1_188' title='bbox 1264 4294 1607 4359; x_wconf 74' lang='lat' dir='ltr'>montana</span> <span class='ocrx_word' id='word_1_189' title='bbox 1660 4288 1744 4359; x_wconf 93' lang='lat' dir='ltr'><strong>L.</strong></span> <span class='ocrx_word' id='word_1_190' title='bbox 1830 4289 1914 4358; x_wconf 90' lang='lat' dir='ltr'>In</span> <span class='ocrx_word' id='word_1_191' title='bbox 1966 4251 2411 4378; x_wconf 81' lang='lat' dir='ltr'>rupestribus</span> <span class='ocrx_word' id='word_1_192' title='bbox 2480 4289 2682 4361; x_wconf 83' lang='lat' dir='ltr'>collis</span> <span class='ocrx_word' id='word_1_193' title='bbox 2740 4287 3029 4360; x_wconf 88' lang='lat' dir='ltr'>Golema</span> 
     </span>
     <span class='ocr_line' id='line_1_31' title="bbox 746 4411 923 4462; baseline 0.017 -3"><span class='ocrx_word' id='word_1_194' title='bbox 746 4411 923 4462; x_wconf 91' lang='lat' dir='ltr'>ama.</span> 
     </span>
    </p>
   </div>
   <div class='ocr_carea' id='block_1_14' title="bbox 646 4511 3026 4705">
    <p class='ocr_par' dir='ltr' id='par_1_20' title="bbox 646 4511 3026 4705">
     <span class='ocr_line' id='line_1_32' title="bbox 863 4511 3026 4603; baseline 0 -21"><span class='ocrx_word' id='word_1_195' title='bbox 863 4511 1340 4585; x_wconf 76' lang='lat' dir='ltr'>Calamintha</span> <span class='ocrx_word' id='word_1_196' title='bbox 1379 4512 1766 4586; x_wconf 75' lang='lat' dir='ltr'>Patavina</span> <span class='ocrx_word' id='word_1_197' title='bbox 1804 4513 1850 4585; x_wconf 88' lang='lat' dir='ltr'><strong>J</strong></span> <span class='ocrx_word' id='word_1_198' title='bbox 1856 4536 2011 4603; x_wconf 80' lang='lat' dir='ltr'>aeq.</span> <span class='ocrx_word' id='word_1_199' title='bbox 2070 4514 2154 4585; x_wconf 88' lang='lat' dir='ltr'>In</span> <span class='ocrx_word' id='word_1_200' title='bbox 2185 4516 2459 4603; x_wconf 82' lang='lat' dir='ltr'>asperis</span> <span class='ocrx_word' id='word_1_201' title='bbox 2498 4513 3026 4585; x_wconf 89' lang='lat' dir='ltr'>demissioribus</span> 
     </span>
     <span class='ocr_line' id='line_1_33' title="bbox 646 4632 1028 4705; baseline 0.003 -2"><span class='ocrx_word' id='word_1_202' title='bbox 646 4655 739 4704; x_wconf 95' lang='lat' dir='ltr'>m.</span> <span class='ocrx_word' id='word_1_203' title='bbox 797 4632 1028 4705; x_wconf 79' lang='lat' dir='ltr'>Vitos.</span> 
     </span>
    </p>
   </div>
  </div>
 </body>
</html>
