3532 5426
670 605 753 667 70

880 819 1176 891 Lolium
1217 841 1537 912 perenne
1592 822 1671 893 L.
1729 823 1814 892 In
1870 822 2138 911 campis
2192 822 2386 891 circa
2423 818 2633 892 Sofia.

877 940 969 1012 L.
1028 943 1503 1014 temulentum
1559 943 1639 1013 L.
1698 944 1895 1015 Inter
1951 950 2224 1033 segetes
2284 963 2495 1031 supra
2549 944 2886 1014 Slivniea.

874 1063 958 1136 N
965 1065 1195 1137 ardus
1248 1064 1516 1135 stricta
1567 1062 1652 1133 L.
1737 1065 1819 1135 In
1899 1064 2320 1135 elatioribus
2395 1084 2484 1132 m.
2545 1064 2866 1154 Kopren‚
2948 1088 3039 1136 m.

672 1184 882 1257 Vitos
939 1193 1012 1256 et
1066 1208 1155 1256 m.
1214 1185 1409 1260 Rilo.

1086 1499 1625 1573 ACOTYLED1
1642 1498 1938 1573 ›NEAE
1993 1498 2295 1573 VASCU
2311 1498 2648 1571 LARES.

1509 1700 2043 1782 Equisetaeeae
2089 1705 2217 1767 DC.

834 1860 839 1869 ’
885 1865 1320 1955 Equisetum
1385 1864 1805 1955 Telmateja
1858 1864 2079 1936 Ehrh.
2155 1866 2237 1935 In
2294 1865 2721 1943 rivularibus
2778 1865 2903 1936 sub
2957 1885 3047 1935 m.

671 1983 903 2056 Vitos.
1869 2082 1873 2086 ι

884 2105 980 2178 Ε.
1038 2106 1490 2197 sylvaticum
1546 2110 1625 2180 L.
1681 2109 1765 2178 In
1806 2110 2207 2198 spongiosis
2245 2130 2336 2178 m.
2380 2107 2588 2180 Vitos
2625 2116 2699 2179 et
2736 2129 2824 2177 m.
2859 2107 3048 2178 Rilo.

1486 2346 2060 2431 Lyconodiaeeae
2108 2347 2237 2409 DC.

882 2507 1360 2599 Lycopodium
1417 2507 1684 2595 Salasso
1740 2509 1820 2579 L.
1879 2508 1961 2578 In
2020 2507 2294 2579 saxosis
2378 2528 2467 2576 m.
2546 2506 2668 2575 Tri
2727 2487 2920 2577 Cuke
2977 2511 3050 2574 et

669 2650 760 2698 m.
820 2629 1128 2719 Kopren.

879 2748 1339 2838 Selayinelca
1395 2752 1481 2822 H
1489 2742 1796 2823 eloetica
1850 2752 2131 2841 Spring.
2215 2751 2297 2820 In
2357 2751 2632 2824 saxosis
2703 2771 2794 2819 m.
2856 2748 3047 2819 Rilo.

1678 2951 1944 3019 Filiees
1990 2956 2062 3019 L.

878 3114 1318 3187 Grammitis
1379 3115 1734 3188 Ceteraeh
1790 3116 1922 3190 Sw.
1980 3116 2062 3184 In
2103 3115 2380 3186 saxosis
2417 3135 2508 3183 m.
2551 3111 2786 3184 Vrska
2824 3094 3046 3183 Ouka.

876 3252 1354 3346 Polypodium
1410 3256 1723 3344 vulyare
1781 3257 1860 3328 L.
1921 3257 2005 3326 In
2061 3253 2505 3343 rupestribus
2561 3272 2649 3320 m.
2713 3249 2940 3320 Vitos.

884 3375 963 3444 I'.
1026 3376 1498 3469 Pheqopteris
1552 3377 1634 3448 L.
1696 3375 1866 3448 Cum
1921 3378 2177 3466 priore.

875 3515 1268 3605 Aspirlium
1332 3515 1712 3589 Lonehitis
1769 3518 1901 3590 Sw.
1958 3516 2041 3586 In
2096 3513 2538 3603 rupestribus
2593 3532 2683 3580 m.
2743 3510 2934 3581 Rilo.

878 3651 972 3719 A.
1032 3650 1443 3720 aculeatum
1505 3652 1732 3722 Doell.
1795 3654 1876 3723 In
1933 3652 2304 3741 sylvatieis
2388 3670 2476 3719 m.
2535 3648 2781 3719 Ravno
2838 3648 3051 3744 Bubje

675 3808 766 3817 --
825 3766 1040 3839 Stara
1095 3768 1420 3843 Planina.

877 3891 1357 3980 Polystiohum
1404 3893 1620 3964 Filiae
1651 3913 1808 3964 mas
1847 3892 2062 3964 Roth.
2122 3893 2204 3962 In
2244 3890 2710 3980 sylvestribus
2737 3911 2828 3961 m.
2862 3886 3048 3964 Rilo.

876 4026 954 4097 P.
1016 4026 1425 4100 dilatatum
1481 4029 1737 4101 Hoffm.
1796 4031 1880 4101 In
1936 4033 2220 4102 saxosis
2267 4031 2559 4118 irriguis
2612 4049 2703 4098 m.
2738 4029 3048 4130 Kopren.

879 4166 1330 4258 Cystopleris
1389 4167 1701 4255 fraffl'lis
1758 4167 2017 4237 Bernh.
2077 4168 2159 4236 In
2195 4166 2649 4256 rupestribus
2703 4166 3052 4240 umbrosis

671 4290 760 4356 m'.
819 4285 1011 4358 Rilo.

877 4404 1307 4497 Asplenium
1372 4405 1888 4479 Trichomanes
1942 4408 2025 4479 L.
2083 4409 2164 4478 In
2203 4408 2645 4497 rupestribus
2684 4429 2773 4480 m.
2825 4406 3049 4479 Vites.

883 4545 976 4614 A.
1032 4543 1271 4615 viride
1326 4544 1549 4615 Huds.
1608 4546 1690 4614 In
1745 4548 2189 4636 rupestribus
2244 4568 2335 4615 m.
2393 4545 2581 4617 Rilo.

878 4684 970 4761 A.
1031 4672 1238 4754 Ruta
1291 4686 1635 4756 Μαντινέα
1690 4685 1770 4755 L.
1828 4684 1940 4754 Ad
1997 4706 2206 4780 rupes
2265 4685 2470 4757 collis
2511 4684 2739 4758 Vrska
2778 4667 3000 4759 Ouka.
