3532 5426
2921 576 3019 638 ,21

654 787 848 858 foliis
905 787 1364 858 inferioribus
1448 785 1748 855 obovato
1816 788 2132 857 cuneatis
2190 783 2465 875 longius
2548 785 3029 874 superioribus

650 915 857 977 ovato
914 906 1235 994 oblongis
1290 906 1568 975 brevius
1635 904 2033 992 petiolatis,
2116 905 2431 977 bracteis
2504 908 2821 996 margine
2898 929 3025 976 an-

649 1036 852 1117 guste
911 1028 1272 1112 scariosis‚
1329 1024 1694 1114 pedicellis
1751 1024 2147 1096 fructiferis
2180 1028 2380 1115 apice
2435 1027 2850 1099 nutantibus
2907 1049 3024 1097 ca-

652 1149 877 1238 lycem
932 1148 1042 1218 bis
1099 1146 1354 1236 longis,
1439 1146 1700 1234 sepalis
1785 1145 2206 1217 lanceolatis
2279 1149 2596 1237 margine
2668 1150 3038 1233 scariosiS,-

650 1271 912 1360 petalis
965 1250 1371 1339 obcordati's
1426 1267 1580 1337 basi
1639 1272 1940 1337 cuneata
1996 1267 2268 1340 ciliatis
2327 1269 2642 1358 calycem
2707 1269 2818 1341 bis
2874 1270 3024 1340 lon-

648 1393 783 1482 gis,
839 1390 1219 1465 filamentis
1261 1388 1556 1477 glabris,
1613 1388 1914 1477 pistillis
1966 1386 2194 1477 4-5,
2254 1389 2547 1479 capsula
2603 1390 3024 1461 subincurva

653 1510 964 1599 calycem
1018 1507 1301 1597 duplum
1354 1506 1589 1594 longa,
1648 1507 1974 1578 dentibus
2029 1510 2343 1599 margine
2396 1511 2762 1582 revolutis.

859 1629 1044 1701 Hab.
1131 1632 1319 1699 inter
1394 1649 1568 1698 saxa
1624 1628 1711 1697 ad
1794 1629 1979 1698 viam
2066 1631 2489 1719 sylvaticum
2570 1651 2708 1719 qua
2788 1632 2934 1700 itur
2991 1651 3033 1699 a

660 1751 995 1821 coenobio
1051 1750 1217 1819 Rilo
1279 1750 1366 1819 ad
1419 1748 1662 1819 urbem
1703 1746 2053 1819 Samokov
2104 1753 2178 1819 in
2218 1752 2562 1822 societate
2603 1771 2757 1820 cum
2815 1749 3032 1820 Viola

664 1869 1016 1943 Orbelica.
1101 1870 1294 1940 Flor.
1363 1867 1539 1959 Aug.

869 1993 1218 2076 Palmam,
1286 1982 1759 2086 demipedala
1838 1998 2119 2063 statura
2174 1993 2668 2064 intermedium
2698 1990 2773 2064 G.
2826 1988 3025 2065 recto

671 2120 745 2184 et
801 2111 874 2184 G.
934 2112 1430 2202 campanulato
1497 2114 1688 2183 Ard.
1729 2134 1858 2202 pro
1916 2134 2049 2201 quo
2131 2113 2382 2184 ultimo
2440 2113 2605 2202 legi,
2692 2112 3028 2202 cujusque

662 2234 879 2305 habet
955 2235 1284 2320 corollas,
1343 2234 1463 2304 sed
1528 2232 1769 2303 differt
1823 2234 2165 2323 unguibus
2231 2233 2627 2323 petalorum
2710 2234 3029 2317 ciliatis;-

659 2357 928 2427 semina
1036 2361 1197 2426 sunt
1305 2354 1598 2441 rubida,
1711 2353 2161 2424 tuberculata
2265 2360 2345 2423 ut
2432 2352 2507 2425 G.
2587 2357 2796 2441 recti,
2901 2354 3022 2424 sed

655 2476 866 2564 paulo
949 2477 1241 2568 majora.
1317 2476 1431 2545 An
1483 2497 1621 2544 non
1673 2475 1808 2546 huc
1873 2484 1946 2545 et
2031 2474 2105 2547 O.
2187 2476 2754 2564 campanulatum
2838 2474 3022 2547 Gris.

664 2595 913 2687 Spicil.
971 2595 1166 2667 Flor.
1222 2596 1424 2665 Rum.
1482 2619 1550 2686 p.
1614 2596 1783 2667 209.

868 2735 951 2807 G.
976 2734 1325 2829 Alpinum
1364 2735 1445 2806 L.
1486 2735 1571 2804 In
1606 2738 2049 2825 rupestribus
2104 2758 2194 2807 m.
2235 2738 2521 2808 MidZor
2560 2760 2641 2809 ac
2680 2736 3025 2808 excelsio-

662 2858 857 2929 ribus
912 2879 1001 2927 m.
1060 2855 1251 2927 Rilo.
2047 2940 2052 2946 .

861 2980 937 3051 Ο.
1003 2996 1304 3049 arvense
1355 2978 1439 3048 L.
1495 2977 1579 3047 In
1630 2977 1948 3049 herbidis
2002 2999 2091 3047 m.
2135 2977 2278 3048 Tri·
2316 2962 2507 3050 Cuke
2557 2986 2631 3050 et
2684 3000 2774 3049 m.
2832 2978 3025 3049 Rilo.

876 3101 949 3173 G.
1011 3107 1469 3172 tomentosum
1523 3099 1605 3168 L.
1661 3121 1810 3169 var.
1855 3099 2313 3170 Moesiacam
2379 3100 2571 3171 Friv.
2631 3103 2713 3170 In
2754 3104 3029 3172 saxosis

654 3244 745 3293 m.
801 3223 924 3294 Tri
982 3204 1198 3294 Ouke.

863 3344 941 3419 ΑΟ.
971 3333 1512 3431 yrandiflorum
1552 3341 1667 3412 W.
1710 3342 1803 3412 K.
1845 3343 1926 3410 In
1961 3342 2401 3430 rupestribus
2442 3344 2792 3416 calcareis
2825 3344 3029 3416 collis

658 3448 858 3535 Strbi
916 3465 1209 3536 Kamen.

1610 3663 1880 3734 Lineae
1924 3669 2052 3728 DC.

864 3829 1137 3900 Linum
1196 3826 1666 3915 tenuifolium
1704 3825 1790 3895 L.
1846 3825 1929 3894 In
1967 3825 2239 3894 saxosis
2281 3822 2482 3893 collis
2524 3821 2765 3893 Vrska
2804 3806 3024 3896 Ouka.

863 3966 954 4037 L.
1024 3964 1445 4054 holoyynum
1522 3963 1749 4034 Rchb.
1835 3964 1919 4032 In
2003 3962 2319 4033 herbidis
2372 3982 2499 4056 vm.
2584 3960 2873 4050 Kopren
2955 3971 3029 4032 et

656 4105 747 4155 m.
803 4087 990 4157 Rilo.

862 4207 954 4278 L.
1009 4205 1495 4278 catharticum
1550 4205 1632 4275 L.
1689 4206 1776 4276 In
1828 4204 2143 4276 herbidis
2197 4202 2583 4274 udiusculis
2642 4221 2734 4269 m.
2789 4199 3028 4274 Vitos.

1497 4442 1904 4509 Malvaceae
1948 4446 2020 4504 R.
2070 4446 2176 4503 ΒΥ.

865 4638 1179 4711 Althaea
1235 4620 1527 4708 hirsuta
1577 4636 1659 4706 L.
1718 4637 1801 4704 In
1858 4636 2050 4725 agris
2107 4635 2232 4705 sub
2289 4633 2468 4704 cone
2505 4632 2747 4704 Vrska
2802 4614 3028 4704 (juka.
