3532 5426
511 560 595 622 40

508 769 735 840 diatis
792 768 1160 857 speciosis,
1218 768 1539 840 anthedii
1577 768 1915 840 hirsutuli
1972 771 2352 858 squammis
2414 769 2883 839 exterioribus

509 889 740 961 ovatis
797 888 1048 975 acutis,
1106 889 1561 960 interioribus
1617 889 1912 976 obtusis,
1987 890 2297 961 acheniis
2356 890 2580 977 apice¹
2609 888 2881 961 subcal-

511 1015 644 1101 vis,
699 1010 1211 1102 marginalibus
1267 1010 1817 1098 subtetragonis.

721 1135 907 1207 Hab.
965 1136 1039 1204 in
1093 1133 1385 1222 rupibus
1448 1133 1826 1222 granitiois
1881 1133 2300 1205 elatioribus
2354 1154 2446 1204 m.
2502 1131 2695 1219 Rilo,
2747 1151 2886 1201 non

509 1257 750 1346 procul
789 1278 832 1327 a
867 1275 1083 1345 parvo
1140 1252 1300 1323 lacu
1356 1252 1443 1322 ad
1475 1254 1684 1340 viam,
1741 1275 1880 1343 qua
1929 1254 2071 1324 iter
2127 1273 2168 1322 a
2219 1254 2551 1325 coenobio
2588 1251 2759 1325 Rilo
2798 1250 2886 1322 ad

511 1378 882 1451 Samokov.

458 1582 459 1585 Ἴ
716 1496 965 1569 Caules
1025 1497 1403 1586 spithamei
1462 1504 1584 1567 ant
1640 1497 1952 1586 pedales,
2027 1518 2242 1586 supra
2293 1498 2487 1583 nudi,
2568 1494 2889 1585 capitula

507 1623 855 1710 speciosa.
887 1616 996 1690 Ob
1026 1618 1223 1706 folia,
1256 1640 1430 1708 quae
1460 1641 1544 1690 ea
1573 1618 1961 1708 Absynthii
1993 1620 2463 1707 aemulantur,
2507 1619 2596 1689 ad
2627 1620 2886 1689 amieos

513 1742 639 1812 sub
696 1741 969 1810 nomine
1023 1739 1199 1809 mihi
1255 1741 1541 1828 ignotae
1595 1740 1684 1811 A.
1745 1740 2303 1830 absynthiaefoliae
2357 1739 2885 1811 communicata.

725 1876 1312 1949 Chamaemelum
1370 1877 1744 1950 inodorum
1799 1879 1880 1950 L.
1938 1880 2051 1951 Ad
2087 1882 2442 1970 margines
2497 1878 2653 1948 viae
2699 1878 2889 1947 inter

506 2000 913 2088 Dragoman
968 1996 1200 2085 Bogaz
1255 2003 1329 2068 et
1384 1996 1718 2069 Slivnioa.

722 2134 851 2206 Oh.
908 2131 1239 2205 Pichleri
1293 2132 1519 2205 Boiss.
1578 2135 1661 2205 In
1714 2135 2016 2206 dumetis
2088 2136 2505 2208 elatioribus
2561 2157 2651 2207 m.
2693 2134 2884 2211 Rilo.

509 2255 779 2326 Exaote
832 2255 1157 2343 congruit
1191 2274 1343 2324 cum
1397 2254 1648 2344 planta
1703 2277 1745 2325 a
1811 2255 1899 2326 ol.
1976 2255 2259 2327 Piohler
2310 2258 2384 2328 in
2436 2277 2528 2328 m.
2593 2254 2889 2347 Olympo

502 2374 826 2463 Bithyno
880 2374 1090 2445 lecta.

725 2514 1351 2585 Lcucanthemum
1431 2513 1738 2605 vulyare
1793 2516 1988 2587 Lam.
2070 2516 2152 2585 In
2222 2518 2455 2606 pratis
2530 2516 2619 2586 ad
2675 2514 2887 2613 Solia,

504 2633 879 2706 Samokov.

730 2754 1178 2845 Pyrethrum
1240 2757 1729 2845 corymbosum
1769 2758 1849 2829 L.
1891 2760 1973 2829 In
2010 2759 2313 2831 dumetis
2352 2761 2479 2831 sub
2515 2780 2606 2832 m.
2652 2758 2889 2832 Vitos.

718 2875 812 2946 P.
870 2875 1240 2947 cinereum
1296 2871 1482 2946 Gris.
1565 2876 1649 2946 In
1703 2877 2072 2966 sylvaticis
2134 2879 2259 2949 sub
2339 2898 2431 2949 m.
2506 2877 2675 2950 Rilo
2750 2897 2891 2948 non

501 2995 749 3087 procul
805 3017 846 3065 a
898 2993 1226 3064 coenobio
1279 2998 1706 3084 cognomine.

720 3116 805 3187 P.
879 3114 1359 3187 Parthenium
1441 3115 1521 3188 L.
1601 3116 1684 3185 In
1764 3118 2204 3206 rupestribus
2280 3119 2625 3190 umbrosis
2684 3117 2887 3189 collis

518 3239 760 3310 Vrska
815 3219 1036 3310 Ouka.
2969 3319 2974 3330 Ι

719 3359 811 3430 P.
870 3356 1439 3448 macrophyllum
1525 3356 1640 3428 W.
1698 3355 1792 3428 K.
1877 3358 1960 3428 In
2044 3359 2411 3448 sylvatiois
2490 3380 2582 3432 m.
2640 3357 2890 3430 Ravno

502 3478 723 3568 Buoje
782 3520 870 3530 —
933 3476 1147 3548 Stara
1200 3476 1501 3547 Planina
1554 3483 1627 3550 et
1680 3499 1773 3549 m.
1830 3478 2023 3552 Rilo.

716 3598 808 3668 P.
864 3595 1175 3682 vulyare
1218 3560 1303 3684 A(
1358 3598 1440 3667 In
1495 3597 1814 3671 salicetis
1870 3622 2087 3691 prope
2144 3599 2511 3671 SamokoV.

719 3716 1158 3789 Dorouicum
1212 3715 1678 3804 cordifolium
1733 3719 2012 3792 Sternb.
2069 3722 2151 3792 In
2219 3723 2492 3794 saxosis
2546 3740 2637 3791 m.
2696 3718 2887 3791 Rilo.

718 3839 812 3909 D.
853 3837 1329 3910 Austriacum
1368 3838 1416 3911 J
1421 3862 1570 3929 aeq.
1627 3841 1712 3911 In
1750 3842 2054 3914 dumetis
2091 3841 2518 3913 rivularibus
2563 3862 2656 3913 m.
2696 3839 2886 3911 Rilo.

669 4046 672 4049 ,
717 3973 814 4046 D.
874 3975 965 4046 H
967 3974 1406 4060 unqaricum
1462 3977 1685 4050 Rohb.
1744 3980 1827 4049 In
1886 3982 2160 4052 saxosis
2216 3978 2684 4070 sylvestribus
2739 3976 2882 4049 ool-

498 4097 600 4168 iis
656 4094 897 4167 Vrska
952 4076 1175 4167 Ouka.

717 4234 1006 4305 Senecio
1059 4234 1392 4306 viscosus
1447 4236 1527 4307 L.
1585 4235 1726 4309 Sub
1762 4239 2052 4328 rupibus
2105 4240 2483 4329 granitiois
2517 4259 2611 4312 m.
2650 4237 2881 4309 Raso·

510 4357 673 4426 vati
728 4354 1006 4430 Kamen
1066 4363 1139 4428 et
1193 4378 1284 4430 m.
1344 4356 1592 4430 Ravno
1647 4358 1883 4451 Bueje.

718 4497 792 4569 S.
852 4497 1195 4588 vulparia*
1252 4499 1332 4570 L.
1390 4501 1472 4569 In
1529 4502 1718 4572 arvis
1772 4502 1968 4572 eirea
2019 4473 2286 4590 ¹Adlija.
2706 4605 2710 4610 ἡ

723 4619 795 4691 S.
849 4622 1176 4691 vernalis
1206 4618 1323 4690 W.
1373 4621 1466 4691 K.
1527 4622 1609 4692 In
1641 4623 1830 4694 arvis
1852 4624 2040 4695 inter
2070 4617 2410 4692 Garibrod
2439 4626 2514 4689 et
2553 4616 2885 4688 Slivnioa.
