3532 5426
2899 623 2974 687 13

812 837 901 910 R.
960 836 1297 911 Serbicus
1356 839 1515 912 Vis.
1571 840 1654 910 In
1710 840 2001 928 irriguis
2054 860 2145 909 m.
2202 838 2314 910 Sv.
2369 837 2659 909 Nikola.

814 960 903 1032 R.
964 959 1288 1032 bulbosus
1344 961 1427 1033 L.
1485 963 1568 1032 In
1626 962 1888 1050 apricis
1947 960 2072 1031 sub
2129 939 2306 1031 colle
2370 959 2607 1031 Vrska
2663 942 2883 1029 Ouka.

820 1080 911 1151 R.
959 1079 1353 1174 philonotis
1391 1081 1610 1153 Ehrh.
1669 1083 1751 1152 In
1807 1082 2020 1154 cultis
2062 1082 2187 1154 sub
2247 1083 2426 1153 colle
2465 1062 2975 1152 Vrska‘Cuka.

809 1195 903 1270 R.
965 1201 1307 1273 arvensis
1361 1201 1444 1273 L.
1501 1202 1701 1271 Inter
1755 1209 2031 1291 segetes
2089 1203 2280 1272 circa
2333 1201 2601 1291 Adlija.

815 1337 1078 1410 Galtha
1117 1338 1487 1430 palustris
1543 1339 1626 1411 L.
1710 1340 1794 1409 In
1848 1340 2275 1411 rivularibus
2342 1340 2467 1411 sub
2521 1360 2611 1408 m.
2670 1336 2972 1408 Streser.

598 1457 986 1546 Deflorata,
1039 1459 1200 1531 hinc
1255 1461 1492 1548 dubia,
1576 1461 1799 1549 foliis,
1870 1466 1952 1531 ut
2004 1462 2078 1531 in
2134 1460 2634 1532 excelsioribus
2706 1459 2976 1549 passim

604 1581 1044 1670 observatur,
1102 1583 1316 1654 solito
1368 1584 1778 1654 minoribus
2131 1581 2138 1591 '

810 1721 896 1794 N
903 1720 1130 1810 iqella
1189 1730 1522 1793 arvensz's
1576 1722 1659 1794 L.
1733 1724 1816 1793 In
1860 1724 2049 1793 arvis
2089 1721 2214 1792 sub
2250 1719 2428 1791 colle
2467 1718 2710 1790 Vrska
2749 1701 2971 1789 Ouka.

802 1859 1271 1952 Delphinium
1332 1860 1714 1932 Ocmsolida
1765 1861 1849 1931 L.
1910 1859 2079 1932 Cum
2133 1861 2390 1948 priore.

804 1997 1194 2070 Aconitum
1234 2000 1703 2071 Gammarum
1733 2000 1778 2072 J
1787 2021 1936 2088 acq.
1979 2019 2125 2068 var.
2187 1996 2702 2076 macranthum
2742 1994 2968 2065 Rchb.

600 2122 682 2192 In
738 2122 1039 2192 dumetis
1097 2121 1222 2192 sub
1251 2142 1342 2191 m.
1401 2122 1593 2210 Rilo,
1647 2142 1787 2192 non
1816 2119 2061 2211 procul
2103 2141 2143 2188 a
2180 2140 2399 2208 parvo
2437 2118 2597 2187 lacu
2636 2118 2721 2187 ad
2760 2118 2972 2203 viam,

608 2265 745 2333 qua
798 2244 945 2312 itur
1003 2243 1091 2312 ad
1156 2241 1522 2313 Samokov.

805 2382 868 2451 Α
931 2380 1317 2470 diveryens
1370 2403 1462 2454 m.
1523 2382 1737 2454 Caule
1792 2383 1980 2454 elato
2037 2381 2475 2471 subsimplici
2531 2380 2685 2451 basi
2722 2377 2970 2468 glabro

604 2523 645 2573 a
697 2501 927 2571 medio
980 2499 1234 2571 flavide
1290 2502 1569 2590 villose,
1624 2503 1821 2575 foliis
1876 2504 1950 2573 in
1985 2501 2283 2574 laminas
2339 2502 2667 2572 rhombeo
2723 2499 2964 2571 oblon-

595 2644 723 2715 gas
781 2625 1018 2693 antice
1074 2623 1547 2713 inaequaliter
1606 2624 1803 2694 2-3
1863 2624 2049 2697 fidas
2103 2625 2476 2716 palmatim
2550 2624 2793 2709 sectis,
2848 2642 2963 2690 ra-

595 2767 784 2817 cemo
841 2745 1228 2816 laxiusculo
1285 2748 1590 2836 simplici
1649 2753 1774 2817 aut
1828 2747 1985 2818 basi
2042 2747 2387 2819 alterutro
2444 2767 2637 2840 ramo
2702 2744 2969 2835 passim

601 2866 1001 2937 abortiente
1084 2873 1290 2937 aucto
1317 2923 1333 2955 ‚
1417 2867 1829 2957 pedunculis
1914 2870 2262 2939 arcuatim
2345 2866 2965 2953 adscendentibuS,

598 2987 991 3077 perianthii
1046 2988 1322 3058 decidui
1380 2990 1654 3059 casside
1711 2989 2200 3078 subdepressa,
2282 2989 2582 3060 nectarii
2635 2988 2962 3057 horizon-

598 3107 851 3178 taliter
905 3109 1221 3196 porrecti
1280 3109 1554 3179 calcare
1637 3110 1958 3199 capitato
2020 3109 2234 3180 labiis
2309 3111 2509 3199 apice
2591 3109 2963 3194 truncatiS,

602 3227 1021 3299 staminibus
1077 3227 1416 3313 laevibus‚
1470 3230 1808 3319 carpellis
1861 3230 2159 3301 maturis
2219 3251 2259 3299 a
2311 3229 2541 3299 medio
2598 3229 2962 3316 divergen-

599 3350 813 3436 tibus,
870 3348 1250 3420 seminibus
1325 3348 1601 3439 trigono
1659 3351 1876 3422 alatis
1958 3351 2267 3422 faciebus
2347 3348 2965 3441 longitudinaliter

593 3469 877 3541 striatis
937 3490 1018 3539 ac
1075 3471 1539 3541 transversim
1592 3471 1915 3574 plicatis,
1968 3472 2178 3561 plicis
2205 3472 2566 3544 undulatis
2603 3492 2739 3541 una
2777 3470 2957 3541 facie

590 3588 955 3679 (dorsali‘l)
1008 3590 1580 3662 evidentioribus.

795 3708 981 3782 Hab.
1039 3711 1113 3781 in
1170 3713 1567 3801 spongiosis
1625 3734 1706 3782 ac
1762 3713 2242 3799 rivularibus3
2328 3716 2628 3803 primum
2707 3713 2962 3783 lectum

592 3832 666 3901 in
723 3829 1013 3903 Serbiae
1068 3834 1555 3904 meridionalis
1632 3833 1953 3905 salicetis
2029 3835 2224 3905 lacus
2279 3833 2601 3922 Vlasina,
2684 3833 3000 3903 tardius'

596 3953 670 4021 in
722 3953 1150 4025 rivularibus
1205 3976 1296 4024 m.
1355 3954 1585 4024 Ponor
1640 3960 1714 4024 et
1768 3976 1859 4024 m.
1916 3954 2205 4045 Kopren
2244 3954 2623 4044 Bulgariae
2678 3957 2953 4022 conter-

588 4073 820 4144 minis.
2883 4067 2904 4082 “

794 4191 1075 4263 Floruit
1129 4195 1202 4264 in
1255 4195 1461 4265 horto
1527 4194 1671 4265 fine
1727 4197 1951 4281 Junii;
2007 4199 2310 4269 medium
2357 4199 2545 4268 inter
2580 4204 2749 4268 sect.
2805 4195 2951 4265 Na-

589 4314 760 4405 pelli
841 4322 916 4387 et
1000 4313 1462 4386 Gammarum.
1548 4316 1809 4388 Differt
1884 4341 1924 4388 a
1996 4318 2297 4407 Napello
2363 4321 2747 4390 directione
2828 4342 2948 4409 pe-

587 4436 1076 4524 dunculorum,
1153 4439 1535 4509 seminibus
1600 4439 1909 4525 striatis,
1987 4458 2068 4507 ac
2143 4436 2469 4509 foliorum
2524 4439 2778 4510 lamins
2842 4438 2947 4507 la-

585 4556 908 4627 tioribus.

790 4693 884 4765 A.
945 4693 1420 4788 Lycoctonum
1472 4695 1557 4770 L.
1615 4697 1699 4772 In
1755 4699 2057 4772 dumetis
2113 4699 2239 4776 sub
2301 4720 2393 4769 m.
2451 4700 2642 4778 Rilo.
