<?xml version="1.0" encoding="UTF-8"?>
<!DOCTYPE html PUBLIC "-//W3C//DTD XHTML 1.0 Transitional//EN"
    "http://www.w3.org/TR/xhtml1/DTD/xhtml1-transitional.dtd">
<html xmlns="http://www.w3.org/1999/xhtml" xml:lang="en" lang="en">
 <head>
  <title>
</title>
<meta http-equiv="Content-Type" content="text/html;charset=utf-8" />
  <meta name='ocr-system' content='tesseract 3.04.00' />
  <meta name='ocr-capabilities' content='ocr_page ocr_carea ocr_par ocr_line ocrx_word'/>
</head>
<body>
  <div class='ocr_page' id='page_1' title='image "./elementaadflora00pangoog_0067.png"; bbox 0 0 3532 5426; ppageno 0'>
   <div class='ocr_carea' id='block_1_1' title="bbox 699 587 778 648">
    <p class='ocr_par' dir='ltr' id='par_1_1' title="bbox 699 587 778 648">
     <span class='ocr_line' id='line_1_1' title="bbox 699 587 778 648; baseline -0.013 0"><span class='ocrx_word' id='word_1_1' title='bbox 699 587 778 648; x_wconf 79' lang='lat'>60</span> 
     </span>
    </p>
   </div>
   <div class='ocr_carea' id='block_1_2' title="bbox 1520 788 2260 859">
    <p class='ocr_par' dir='ltr' id='par_1_2' title="bbox 1520 788 2260 859">
     <span class='ocr_line' id='line_1_2' title="bbox 1520 788 2260 859; baseline -0.005 -1"><span class='ocrx_word' id='word_1_2' title='bbox 1520 788 1999 859; x_wconf 72' lang='lat' dir='ltr'>Santalaooae</span> <span class='ocrx_word' id='word_1_3' title='bbox 2047 798 2117 856; x_wconf 88' lang='lat' dir='ltr'>R.</span> <span class='ocrx_word' id='word_1_4' title='bbox 2154 798 2260 855; x_wconf 88' lang='lat' dir='ltr'>Br.</span> 
     </span>
    </p>
   </div>
   <div class='ocr_carea' id='block_1_3' title="bbox 912 949 3074 1043">
    <p class='ocr_par' dir='ltr' id='par_1_3' title="bbox 912 949 3074 1043">
     <span class='ocr_line' id='line_1_3' title="bbox 912 949 3074 1043; baseline -0.001 -21"><span class='ocrx_word' id='word_1_5' title='bbox 912 951 1255 1024; x_wconf 66' lang='lat' dir='ltr'>Thasium</span> <span class='ocrx_word' id='word_1_6' title='bbox 1285 953 1637 1043; x_wconf 78' lang='lat' dir='ltr'>Alpinum</span> <span class='ocrx_word' id='word_1_7' title='bbox 1698 953 1779 1024; x_wconf 91' lang='lat' dir='ltr'>L.</span> <span class='ocrx_word' id='word_1_8' title='bbox 1811 953 1895 1024; x_wconf 90' lang='lat' dir='ltr'>In</span> <span class='ocrx_word' id='word_1_9' title='bbox 1940 954 2223 1041; x_wconf 82' lang='lat' dir='ltr'>pascuis</span> <span class='ocrx_word' id='word_1_10' title='bbox 2288 952 2704 1023; x_wconf 82' lang='lat' dir='ltr'>elatioribus</span> <span class='ocrx_word' id='word_1_11' title='bbox 2759 972 2850 1020; x_wconf 90' lang='lat' dir='ltr'>m.</span> <span class='ocrx_word' id='word_1_12' title='bbox 2883 949 3074 1022; x_wconf 86' lang='lat' dir='ltr'>Rilo.</span> 
     </span>
    </p>
   </div>
   <div class='ocr_carea' id='block_1_4' title="bbox 1480 1170 2279 1257">
    <p class='ocr_par' dir='ltr' id='par_1_4' title="bbox 1480 1170 2279 1257">
     <span class='ocr_line' id='line_1_4' title="bbox 1480 1170 2279 1257; baseline -0.008 -17"><span class='ocrx_word' id='word_1_13' title='bbox 1480 1170 2076 1257; x_wconf 78' lang='lat' dir='ltr'>Aristolochieae</span> <span class='ocrx_word' id='word_1_14' title='bbox 2122 1178 2158 1235; x_wconf 86' lang='lat' dir='ltr'>J</span> <span class='ocrx_word' id='word_1_15' title='bbox 2162 1194 2279 1235; x_wconf 86' lang='lat' dir='ltr'>uss.</span> 
     </span>
    </p>
   </div>
   <div class='ocr_carea' id='block_1_5' title="bbox 899 1314 3072 1560">
    <p class='ocr_par' dir='ltr' id='par_1_5' title="bbox 899 1314 3072 1560">
     <span class='ocr_line' id='line_1_5' title="bbox 903 1314 3072 1404; baseline 0 -1"><span class='ocrx_word' id='word_1_16' title='bbox 903 1331 1398 1404; x_wconf 76' lang='lat' dir='ltr'>Aristolochia</span> <span class='ocrx_word' id='word_1_17' title='bbox 1421 1331 1831 1403; x_wconf 71' lang='lat' dir='ltr'>clematitis</span> <span class='ocrx_word' id='word_1_18' title='bbox 1864 1331 1944 1401; x_wconf 91' lang='lat' dir='ltr'>L.</span> <span class='ocrx_word' id='word_1_19' title='bbox 1977 1332 2061 1401; x_wconf 91' lang='lat' dir='ltr'>In</span> <span class='ocrx_word' id='word_1_20' title='bbox 2090 1333 2391 1402; x_wconf 83' lang='lat' dir='ltr'>dumetis</span> <span class='ocrx_word' id='word_1_21' title='bbox 2424 1330 2550 1400; x_wconf 91' lang='lat' dir='ltr'>sub</span> <span class='ocrx_word' id='word_1_22' title='bbox 2583 1328 2823 1401; x_wconf 76' lang='lat' dir='ltr'>Vrska</span> <span class='ocrx_word' id='word_1_23' title='bbox 2850 1314 3072 1403; x_wconf 69' lang='lat' dir='ltr'>Ouka.</span> 
     </span>
     <span class='ocr_line' id='line_1_6' title="bbox 899 1467 2903 1560; baseline -0.001 -18"><span class='ocrx_word' id='word_1_24' title='bbox 899 1470 1233 1542; x_wconf 60' lang='lat' dir='ltr'>Ascurum</span> <span class='ocrx_word' id='word_1_25' title='bbox 1289 1470 1755 1560; x_wconf 73' lang='lat' dir='ltr'>Fasropaeum</span> <span class='ocrx_word' id='word_1_26' title='bbox 1815 1470 1894 1540; x_wconf 90' lang='lat' dir='ltr'>L.</span> <span class='ocrx_word' id='word_1_27' title='bbox 1953 1470 2036 1540; x_wconf 92' lang='lat' dir='ltr'>In</span> <span class='ocrx_word' id='word_1_28' title='bbox 2095 1470 2468 1559; x_wconf 81' lang='lat' dir='ltr'>sylvatiois</span> <span class='ocrx_word' id='word_1_29' title='bbox 2524 1490 2614 1539; x_wconf 91' lang='lat' dir='ltr'>m.</span> <span class='ocrx_word' id='word_1_30' title='bbox 2674 1467 2903 1540; x_wconf 73' lang='lat' dir='ltr'>Vitos.</span> 
     </span>
    </p>
   </div>
   <div class='ocr_carea' id='block_1_6' title="bbox 1477 1673 2279 1793">
    <p class='ocr_par' dir='ltr' id='par_1_6' title="bbox 1477 1673 2279 1793">
     <span class='ocr_line' id='line_1_7' title="bbox 1477 1673 2279 1793; baseline -0.006 -19"><span class='ocrx_word' id='word_1_31' title='bbox 1477 1673 2075 1793; x_wconf 70' lang='lat' dir='ltr'>Euphorbiaceae</span> <span class='ocrx_word' id='word_1_32' title='bbox 2100 1714 2279 1783; x_wconf 68' lang='lat' dir='ltr'>,Juss</span> 
     </span>
    </p>
   </div>
   <div class='ocr_carea' id='block_1_7' title="bbox 897 1850 3069 2329">
    <p class='ocr_par' dir='ltr' id='par_1_7' title="bbox 897 1850 3069 2085">
     <span class='ocr_line' id='line_1_8' title="bbox 897 1850 3069 1961; baseline -0.003 -19"><span class='ocrx_word' id='word_1_33' title='bbox 897 1870 1326 1961; x_wconf 76' lang='lat' dir='ltr'>Euphorbia</span> <span class='ocrx_word' id='word_1_34' title='bbox 1371 1871 1800 1961; x_wconf 77' lang='lat' dir='ltr'>helioscopia</span> <span class='ocrx_word' id='word_1_35' title='bbox 1830 1872 1908 1942; x_wconf 90' lang='lat' dir='ltr'>L.</span> <span class='ocrx_word' id='word_1_36' title='bbox 1955 1872 2038 1942; x_wconf 91' lang='lat' dir='ltr'>In</span> <span class='ocrx_word' id='word_1_37' title='bbox 2068 1872 2257 1947; x_wconf 86' lang='lat' dir='ltr'>arvis</span> <span class='ocrx_word' id='word_1_38' title='bbox 2304 1872 2429 1942; x_wconf 88' lang='lat' dir='ltr'>sub</span> <span class='ocrx_word' id='word_1_39' title='bbox 2476 1890 2566 1940; x_wconf 90' lang='lat' dir='ltr'>m.</span> <span class='ocrx_word' id='word_1_40' title='bbox 2593 1868 2824 1940; x_wconf 75' lang='lat' dir='ltr'>Vrska</span> <span class='ocrx_word' id='word_1_41' title='bbox 2845 1850 3069 1939; x_wconf 69' lang='lat' dir='ltr'>Ouka.</span> 
     </span>
     <span class='ocr_line' id='line_1_9' title="bbox 898 1984 2588 2085; baseline -0.002 -20"><span class='ocrx_word' id='word_1_42' title='bbox 898 1995 990 2065; x_wconf 89' lang='grc' dir='ltr'>Ε.</span> <span class='ocrx_word' id='word_1_43' title='bbox 1036 1991 1505 2085; x_wconf 58' lang='lat' dir='ltr'>platyphyllon</span> <span class='ocrx_word' id='word_1_44' title='bbox 1560 1991 1639 2063; x_wconf 93' lang='lat' dir='ltr'>L.</span> <span class='ocrx_word' id='word_1_45' title='bbox 1699 1993 1784 2064; x_wconf 89' lang='lat' dir='ltr'>In</span> <span class='ocrx_word' id='word_1_46' title='bbox 1838 1993 2053 2064; x_wconf 86' lang='lat' dir='ltr'>fossis</span> <span class='ocrx_word' id='word_1_47' title='bbox 2103 1984 2198 2063; x_wconf 57' lang='lat' dir='ltr'>&#39;ad</span> <span class='ocrx_word' id='word_1_48' title='bbox 2256 1993 2588 2068; x_wconf 81' lang='lat' dir='ltr'>Slivnioa.</span> 
     </span>
    </p>

    <p class='ocr_par' dir='ltr' id='par_1_8' title="bbox 900 2093 3069 2329">
     <span class='ocr_line' id='line_1_10' title="bbox 900 2093 3067 2204; baseline -0.002 -18"><span class='ocrx_word' id='word_1_49' title='bbox 900 2115 992 2186; x_wconf 87' lang='grc' dir='ltr'>Ε.</span> <span class='ocrx_word' id='word_1_50' title='bbox 1053 2113 1567 2204; x_wconf 74' lang='lat' dir='ltr'>epithymoides</span> <span class='ocrx_word' id='word_1_51' title='bbox 1603 2114 1649 2186; x_wconf 88' lang='lat' dir='ltr'>J</span> <span class='ocrx_word' id='word_1_52' title='bbox 1655 2137 1809 2204; x_wconf 81' lang='lat' dir='ltr'>aeq.</span> <span class='ocrx_word' id='word_1_53' title='bbox 1843 2115 1925 2185; x_wconf 90' lang='lat' dir='ltr'>In</span> <span class='ocrx_word' id='word_1_54' title='bbox 1960 2116 2267 2193; x_wconf 85' lang='lat' dir='ltr'>dumosis</span> <span class='ocrx_word' id='word_1_55' title='bbox 2298 2116 2424 2185; x_wconf 90' lang='lat' dir='ltr'>sub</span> <span class='ocrx_word' id='word_1_56' title='bbox 2445 2135 2535 2184; x_wconf 93' lang='lat' dir='ltr'>m.</span> <span class='ocrx_word' id='word_1_57' title='bbox 2570 2112 2812 2183; x_wconf 73' lang='lat' dir='ltr'>Vrska</span> <span class='ocrx_word' id='word_1_58' title='bbox 2841 2093 3067 2183; x_wconf 74' lang='lat' dir='ltr'>C‘uka.</span> 
     </span>
     <span class='ocr_line' id='line_1_11' title="bbox 906 2232 3069 2329; baseline -0.002 -23"><span class='ocrx_word' id='word_1_59' title='bbox 906 2236 1027 2329; x_wconf 58' lang='lat' dir='ltr'>E„</span> <span class='ocrx_word' id='word_1_60' title='bbox 1075 2234 1539 2307; x_wconf 66' lang='lat' dir='ltr'>Gerar-diana</span> <span class='ocrx_word' id='word_1_61' title='bbox 1575 2236 1797 2326; x_wconf 66' lang='lat' dir='ltr'>‘Jacq.</span> <span class='ocrx_word' id='word_1_62' title='bbox 1879 2237 1963 2307; x_wconf 90' lang='lat' dir='ltr'>In</span> <span class='ocrx_word' id='word_1_63' title='bbox 2033 2233 2421 2308; x_wconf 78' lang='lat' dir='ltr'>declivibus</span> <span class='ocrx_word' id='word_1_64' title='bbox 2492 2232 3069 2306; x_wconf 85' lang='lat' dir='ltr'>meridionalibus</span> 
     </span>
    </p>
   </div>
   <div class='ocr_carea' id='block_1_8' title="bbox 694 2353 1087 2428">
    <p class='ocr_par' dir='ltr' id='par_1_9' title="bbox 694 2353 1087 2428">
     <span class='ocr_line' id='line_1_12' title="bbox 694 2353 1087 2428; baseline 0.013 -5"><span class='ocrx_word' id='word_1_65' title='bbox 694 2375 785 2426; x_wconf 89' lang='lat' dir='ltr'>m.</span> <span class='ocrx_word' id='word_1_66' title='bbox 845 2353 1087 2428; x_wconf 71' lang='lat' dir='ltr'>vitos.-</span> 
     </span>
    </p>
   </div>
   <div class='ocr_carea' id='block_1_9' title="bbox 896 2475 3062 2694">
    <p class='ocr_par' dir='ltr' id='par_1_10' title="bbox 896 2475 3062 2694">
     <span class='ocr_line' id='line_1_13' title="bbox 896 2475 2752 2568; baseline 0.001 -23"><span class='ocrx_word' id='word_1_67' title='bbox 896 2477 987 2546; x_wconf 87' lang='grc' dir='ltr'>Ε.</span> <span class='ocrx_word' id='word_1_68' title='bbox 1043 2475 1376 2565; x_wconf 70' lang='lat' dir='ltr'>ylareosa</span> <span class='ocrx_word' id='word_1_69' title='bbox 1432 2477 1596 2547; x_wconf 92' lang='grc' dir='ltr'>ΜΒ.</span> <span class='ocrx_word' id='word_1_70' title='bbox 1673 2479 1755 2549; x_wconf 90' lang='lat' dir='ltr'>In</span> <span class='ocrx_word' id='word_1_71' title='bbox 1816 2480 2082 2568; x_wconf 75' lang='lat' dir='ltr'>eampis</span> <span class='ocrx_word' id='word_1_72' title='bbox 2136 2481 2326 2548; x_wconf 82' lang='lat' dir='ltr'>eirca</span> <span class='ocrx_word' id='word_1_73' title='bbox 2382 2478 2752 2553; x_wconf 81' lang='lat' dir='ltr'>Samokov.</span> 
     </span>
     <span class='ocr_line' id='line_1_14' title="bbox 901 2596 3062 2694; baseline 0 -28"><span class='ocrx_word' id='word_1_74' title='bbox 901 2596 997 2667; x_wconf 91' lang='grc' dir='ltr'>Ε.</span> <span class='ocrx_word' id='word_1_75' title='bbox 1044 2598 1590 2694; x_wconf 72' lang='lat' dir='ltr'>amyydaloides</span> <span class='ocrx_word' id='word_1_76' title='bbox 1618 2599 1698 2669; x_wconf 94' lang='lat' dir='ltr'>L.</span> <span class='ocrx_word' id='word_1_77' title='bbox 1732 2599 1817 2669; x_wconf 90' lang='lat' dir='ltr'>In</span> <span class='ocrx_word' id='word_1_78' title='bbox 1856 2599 2224 2687; x_wconf 82' lang='lat' dir='ltr'>sylvaticis</span> <span class='ocrx_word' id='word_1_79' title='bbox 2261 2620 2353 2669; x_wconf 90' lang='lat'>111.</span> <span class='ocrx_word' id='word_1_80' title='bbox 2386 2598 2602 2670; x_wconf 77' lang='lat' dir='ltr'>Vitos</span> <span class='ocrx_word' id='word_1_81' title='bbox 2637 2606 2712 2670; x_wconf 75' lang='lat' dir='ltr'>et</span> <span class='ocrx_word' id='word_1_82' title='bbox 2747 2620 2838 2669; x_wconf 90' lang='lat' dir='ltr'>m.</span> <span class='ocrx_word' id='word_1_83' title='bbox 2870 2597 3062 2668; x_wconf 88' lang='lat' dir='ltr'>Rilo.</span> 
     </span>
    </p>
   </div>
   <div class='ocr_carea' id='block_1_10' title="bbox 897 2718 3062 3049">
    <p class='ocr_par' dir='ltr' id='par_1_11' title="bbox 897 2718 3062 3049">
     <span class='ocr_line' id='line_1_15' title="bbox 903 2718 2648 2811; baseline 0.002 -24"><span class='ocrx_word' id='word_1_84' title='bbox 903 2718 997 2789; x_wconf 88' lang='lat' dir='ltr'>E.</span> <span class='ocrx_word' id='word_1_85' title='bbox 1060 2720 1525 2809; x_wconf 71' lang='lat' dir='ltr'>Cyparissias</span> <span class='ocrx_word' id='word_1_86' title='bbox 1580 2719 1659 2789; x_wconf 93' lang='lat' dir='ltr'>L.</span> <span class='ocrx_word' id='word_1_87' title='bbox 1717 2720 1801 2790; x_wconf 87' lang='lat' dir='ltr'>In</span> <span class='ocrx_word' id='word_1_88' title='bbox 1855 2722 2120 2808; x_wconf 83' lang='lat' dir='ltr'>campis</span> <span class='ocrx_word' id='word_1_89' title='bbox 2151 2721 2343 2789; x_wconf 81' lang='lat' dir='ltr'>eirca</span> <span class='ocrx_word' id='word_1_90' title='bbox 2381 2720 2648 2811; x_wconf 86' lang='lat' dir='ltr'>Adlija.</span> 
     </span>
     <span class='ocr_line' id='line_1_16' title="bbox 899 2839 2957 2931; baseline 0.001 -20"><span class='ocrx_word' id='word_1_91' title='bbox 899 2841 990 2911; x_wconf 87' lang='lat' dir='ltr'>E.</span> <span class='ocrx_word' id='word_1_92' title='bbox 1057 2840 1299 2911; x_wconf 77' lang='lat' dir='ltr'>Esula</span> <span class='ocrx_word' id='word_1_93' title='bbox 1354 2841 1434 2911; x_wconf 94' lang='lat' dir='ltr'>L.</span> <span class='ocrx_word' id='word_1_94' title='bbox 1501 2841 1584 2911; x_wconf 89' lang='lat' dir='ltr'>In</span> <span class='ocrx_word' id='word_1_95' title='bbox 1639 2842 1985 2931; x_wconf 80' lang='lat' dir='ltr'>glareosis</span> <span class='ocrx_word' id='word_1_96' title='bbox 2041 2842 2176 2910; x_wconf 87' lang='lat' dir='ltr'>rivi</span> <span class='ocrx_word' id='word_1_97' title='bbox 2227 2842 2436 2911; x_wconf 87' lang='lat' dir='ltr'>Iskra</span> <span class='ocrx_word' id='word_1_98' title='bbox 2490 2863 2706 2931; x_wconf 83' lang='lat' dir='ltr'>prope</span> <span class='ocrx_word' id='word_1_99' title='bbox 2746 2839 2957 2915; x_wconf 83' lang='lat' dir='ltr'>Sofia.</span> 
     </span>
     <span class='ocr_line' id='line_1_17' title="bbox 897 2959 3062 3049; baseline 0.003 -20"><span class='ocrx_word' id='word_1_100' title='bbox 897 2959 985 3032; x_wconf 89' lang='lat' dir='ltr'>E.</span> <span class='ocrx_word' id='word_1_101' title='bbox 1044 2964 1351 3049; x_wconf 72' lang='lat' dir='ltr'>viryata</span> <span class='ocrx_word' id='word_1_102' title='bbox 1406 2960 1520 3032; x_wconf 92' lang='lat' dir='ltr'>W.</span> <span class='ocrx_word' id='word_1_103' title='bbox 1577 2962 1669 3033; x_wconf 91' lang='lat' dir='ltr'>K.</span> <span class='ocrx_word' id='word_1_104' title='bbox 1727 2964 1812 3033; x_wconf 90' lang='lat' dir='ltr'>In</span> <span class='ocrx_word' id='word_1_105' title='bbox 1869 2965 2057 3033; x_wconf 86' lang='lat' dir='ltr'>arvis</span> <span class='ocrx_word' id='word_1_106' title='bbox 2114 2964 2305 3033; x_wconf 82' lang='lat' dir='ltr'>inter</span> <span class='ocrx_word' id='word_1_107' title='bbox 2359 2963 2674 3034; x_wconf 82' lang='lat' dir='ltr'>Slivnioa</span> <span class='ocrx_word' id='word_1_108' title='bbox 2728 2970 2803 3035; x_wconf 81' lang='lat' dir='ltr'>et</span> <span class='ocrx_word' id='word_1_109' title='bbox 2849 2962 3062 3038; x_wconf 88' lang='lat' dir='ltr'>Sofia.</span> 
     </span>
    </p>
   </div>
   <div class='ocr_carea' id='block_1_11' title="bbox 903 3082 3062 3175">
    <p class='ocr_par' dir='ltr' id='par_1_12' title="bbox 903 3082 3062 3175">
     <span class='ocr_line' id='line_1_18' title="bbox 903 3082 3062 3175; baseline 0.001 -21"><span class='ocrx_word' id='word_1_110' title='bbox 903 3084 992 3156; x_wconf 89' lang='grc' dir='ltr'>Ε.</span> <span class='ocrx_word' id='word_1_111' title='bbox 1047 3082 1347 3168; x_wconf 76' lang='lat' dir='ltr'>falcata</span> <span class='ocrx_word' id='word_1_112' title='bbox 1403 3085 1481 3155; x_wconf 96' lang='lat' dir='ltr'>L.</span> <span class='ocrx_word' id='word_1_113' title='bbox 1566 3085 1650 3155; x_wconf 91' lang='lat' dir='ltr'>In</span> <span class='ocrx_word' id='word_1_114' title='bbox 1705 3087 1977 3174; x_wconf 88' lang='lat' dir='ltr'>asperis</span> <span class='ocrx_word' id='word_1_115' title='bbox 2065 3107 2278 3174; x_wconf 89' lang='lat' dir='ltr'>supra</span> <span class='ocrx_word' id='word_1_116' title='bbox 2334 3086 2739 3175; x_wconf 85' lang='lat' dir='ltr'>Dragoman</span> <span class='ocrx_word' id='word_1_117' title='bbox 2804 3086 3062 3175; x_wconf 80' lang='lat' dir='ltr'>Bogaz,</span> 
     </span>
    </p>
   </div>
   <div class='ocr_carea' id='block_1_12' title="bbox 1593 3318 2144 3389">
    <p class='ocr_par' dir='ltr' id='par_1_13' title="bbox 1593 3318 2144 3389">
     <span class='ocr_line' id='line_1_19' title="bbox 1593 3318 2144 3389; baseline 0 -4"><span class='ocrx_word' id='word_1_118' title='bbox 1593 3318 1939 3389; x_wconf 77' lang='lat' dir='ltr'>Urticeae</span> <span class='ocrx_word' id='word_1_119' title='bbox 1987 3328 2144 3386; x_wconf 85' lang='lat' dir='ltr'>Juss.</span> 
     </span>
    </p>
   </div>
   <div class='ocr_carea' id='block_1_13' title="bbox 888 3482 3063 3853">
    <p class='ocr_par' dir='ltr' id='par_1_14' title="bbox 888 3482 3063 3853">
     <span class='ocr_line' id='line_1_20' title="bbox 907 3482 2417 3556; baseline 0.001 -3"><span class='ocrx_word' id='word_1_120' title='bbox 907 3482 1163 3555; x_wconf 80' lang='lat' dir='ltr'>Urtica</span> <span class='ocrx_word' id='word_1_121' title='bbox 1219 3483 1457 3554; x_wconf 79' lang='lat' dir='ltr'>dioica</span> <span class='ocrx_word' id='word_1_122' title='bbox 1511 3485 1591 3555; x_wconf 94' lang='lat' dir='ltr'>L.</span> <span class='ocrx_word' id='word_1_123' title='bbox 1651 3485 1734 3555; x_wconf 91' lang='lat' dir='ltr'>In</span> <span class='ocrx_word' id='word_1_124' title='bbox 1792 3486 2003 3556; x_wconf 83' lang='lat' dir='ltr'>cultis</span> <span class='ocrx_word' id='word_1_125' title='bbox 2062 3485 2150 3554; x_wconf 86' lang='lat' dir='ltr'>ad</span> <span class='ocrx_word' id='word_1_126' title='bbox 2206 3483 2417 3556; x_wconf 86' lang='lat' dir='ltr'>Sofia.</span> 
     </span>
     <span class='ocr_line' id='line_1_21' title="bbox 899 3602 2985 3695; baseline 0.001 -4"><span class='ocrx_word' id='word_1_127' title='bbox 899 3621 1352 3692; x_wconf 75' lang='lat' dir='ltr'>Parietaria</span> <span class='ocrx_word' id='word_1_128' title='bbox 1408 3602 1645 3694; x_wconf 68' lang='lat' dir='ltr'>erecta</span> <span class='ocrx_word' id='word_1_129' title='bbox 1702 3624 1782 3694; x_wconf 93' lang='lat' dir='ltr'>L.</span> <span class='ocrx_word' id='word_1_130' title='bbox 1843 3624 1925 3694; x_wconf 91' lang='lat' dir='ltr'>In</span> <span class='ocrx_word' id='word_1_131' title='bbox 1981 3626 2253 3695; x_wconf 83' lang='lat' dir='ltr'>saxosis</span> <span class='ocrx_word' id='word_1_132' title='bbox 2312 3625 2438 3695; x_wconf 91' lang='lat' dir='ltr'>sub</span> <span class='ocrx_word' id='word_1_133' title='bbox 2491 3644 2583 3695; x_wconf 90' lang='lat' dir='ltr'>m.</span> <span class='ocrx_word' id='word_1_134' title='bbox 2643 3622 2880 3694; x_wconf 74' lang='lat' dir='ltr'>Vitos.</span> <span class='ocrx_word' id='word_1_135' title='bbox 2979 3667 2985 3673; x_wconf 88' lang='lat'><strong>·</strong></span> 
     </span>
     <span class='ocr_line' id='line_1_22' title="bbox 888 3722 3063 3853; baseline 0 -22"><span class='ocrx_word' id='word_1_136' title='bbox 888 3722 1288 3831; x_wconf 30' lang='lat' dir='ltr'>&#39;Ham-ulus</span> <span class='ocrx_word' id='word_1_137' title='bbox 1350 3760 1702 3853; x_wconf 74' lang='lat' dir='ltr'>Lupulus</span> <span class='ocrx_word' id='word_1_138' title='bbox 1762 3762 1842 3832; x_wconf 92' lang='lat' dir='ltr'>L.</span> <span class='ocrx_word' id='word_1_139' title='bbox 1926 3763 2009 3832; x_wconf 90' lang='lat' dir='ltr'>In</span> <span class='ocrx_word' id='word_1_140' title='bbox 2065 3764 2368 3835; x_wconf 82' lang='lat' dir='ltr'>dumetis</span> <span class='ocrx_word' id='word_1_141' title='bbox 2451 3764 2589 3833; x_wconf 84' lang='lat' dir='ltr'>rivi</span> <span class='ocrx_word' id='word_1_142' title='bbox 2644 3762 2857 3835; x_wconf 84' lang='lat' dir='ltr'>Iskra</span> <span class='ocrx_word' id='word_1_143' title='bbox 2928 3782 3063 3833; x_wconf 90' lang='lat' dir='ltr'>non</span> 
     </span>
    </p>
   </div>
   <div class='ocr_carea' id='block_1_14' title="bbox 686 3879 1301 3970">
    <p class='ocr_par' dir='ltr' id='par_1_15' title="bbox 686 3879 1301 3970">
     <span class='ocr_line' id='line_1_23' title="bbox 686 3879 1301 3970; baseline 0.002 -20"><span class='ocrx_word' id='word_1_144' title='bbox 686 3880 935 3970; x_wconf 82' lang='lat' dir='ltr'>procul</span> <span class='ocrx_word' id='word_1_145' title='bbox 992 3901 1034 3950; x_wconf 91' lang='lat' dir='ltr'>a</span> <span class='ocrx_word' id='word_1_146' title='bbox 1088 3879 1301 3954; x_wconf 85' lang='lat' dir='ltr'>Sofia.</span> 
     </span>
    </p>
   </div>
   <div class='ocr_carea' id='block_1_15' title="bbox 860 3985 3060 4099">
    <p class='ocr_par' dir='ltr' id='par_1_16' title="bbox 860 3985 3060 4099">
     <span class='ocr_line' id='line_1_24' title="bbox 860 3985 3060 4099; baseline 0.003 -31"><span class='ocrx_word' id='word_1_147' title='bbox 860 4037 862 4039; x_wconf 28' lang='lat' dir='ltr'>v</span> <span class='ocrx_word' id='word_1_148' title='bbox 909 3992 1163 4069; x_wconf 78' lang='lat' dir='ltr'>Ulmus</span> <span class='ocrx_word' id='word_1_149' title='bbox 1203 4001 1630 4099; x_wconf 76' lang='lat' dir='ltr'>campestris</span> <span class='ocrx_word' id='word_1_150' title='bbox 1689 3998 1768 4069; x_wconf 93' lang='lat' dir='ltr'>L.</span> <span class='ocrx_word' id='word_1_151' title='bbox 1831 3999 1915 4070; x_wconf 89' lang='lat' dir='ltr'>In</span> <span class='ocrx_word' id='word_1_152' title='bbox 1953 4001 2255 4072; x_wconf 86' lang='lat' dir='ltr'>dumetis</span> <span class='ocrx_word' id='word_1_153' title='bbox 2289 4002 2415 4073; x_wconf 92' lang='lat' dir='ltr'>sub</span> <span class='ocrx_word' id='word_1_154' title='bbox 2443 4022 2535 4072; x_wconf 89' lang='lat' dir='ltr'>m.</span> <span class='ocrx_word' id='word_1_155' title='bbox 2570 4001 2813 4072; x_wconf 74' lang='lat' dir='ltr'>Vrska</span> <span class='ocrx_word' id='word_1_156' title='bbox 2839 3985 3060 4075; x_wconf 71' lang='lat' dir='ltr'>Ouka.</span> 
     </span>
    </p>
   </div>
   <div class='ocr_carea' id='block_1_16' title="bbox 1524 4235 2219 4319">
    <p class='ocr_par' dir='ltr' id='par_1_17' title="bbox 1524 4235 2219 4319">
     <span class='ocr_line' id='line_1_25' title="bbox 1524 4235 2219 4319; baseline -0.003 -17"><span class='ocrx_word' id='word_1_157' title='bbox 1524 4235 1998 4319; x_wconf 82' lang='lat' dir='ltr'>Gupuliferae</span> <span class='ocrx_word' id='word_1_158' title='bbox 2044 4243 2219 4301; x_wconf 84' lang='lat' dir='ltr'><strong>Rich.</strong></span> 
     </span>
    </p>
   </div>
   <div class='ocr_carea' id='block_1_17' title="bbox 897 4395 3064 4491">
    <p class='ocr_par' dir='ltr' id='par_1_18' title="bbox 897 4395 3064 4491">
     <span class='ocr_line' id='line_1_26' title="bbox 897 4395 3064 4491; baseline 0.003 -24"><span class='ocrx_word' id='word_1_159' title='bbox 897 4395 1170 4486; x_wconf 74' lang='lat' dir='ltr'>Fayus</span> <span class='ocrx_word' id='word_1_160' title='bbox 1235 4398 1603 4489; x_wconf 75' lang='lat' dir='ltr'>sylvatiea</span> <span class='ocrx_word' id='word_1_161' title='bbox 1657 4400 1739 4471; x_wconf 95' lang='lat' dir='ltr'>L.</span> <span class='ocrx_word' id='word_1_162' title='bbox 1819 4400 2212 4472; x_wconf 81' lang='lat' dir='ltr'>Constituit</span> <span class='ocrx_word' id='word_1_163' title='bbox 2288 4403 2522 4491; x_wconf 86' lang='lat' dir='ltr'>sylvas</span> <span class='ocrx_word' id='word_1_164' title='bbox 2596 4403 2911 4475; x_wconf 81' lang='lat' dir='ltr'>excelsas</span> <span class='ocrx_word' id='word_1_165' title='bbox 2986 4404 3064 4473; x_wconf 91' lang='lat' dir='ltr'>in</span> 
     </span>
    </p>
   </div>
   <div class='ocr_carea' id='block_1_18' title="bbox 686 4518 1608 4591">
    <p class='ocr_par' dir='ltr' id='par_1_19' title="bbox 686 4518 1608 4591">
     <span class='ocr_line' id='line_1_27' title="bbox 686 4518 1608 4591; baseline 0.002 -3"><span class='ocrx_word' id='word_1_166' title='bbox 686 4518 1216 4591; x_wconf 86' lang='lat' dir='ltr'>demissioribus</span> <span class='ocrx_word' id='word_1_167' title='bbox 1271 4541 1361 4591; x_wconf 87' lang='lat' dir='ltr'>m.</span> <span class='ocrx_word' id='word_1_168' title='bbox 1420 4520 1608 4591; x_wconf 86' lang='lat' dir='ltr'>Rilo.</span> 
     </span>
    </p>
   </div>
   <div class='ocr_carea' id='block_1_19' title="bbox 894 4655 2437 4750">
    <p class='ocr_par' dir='ltr' id='par_1_20' title="bbox 894 4655 2437 4750">
     <span class='ocr_line' id='line_1_28' title="bbox 894 4655 2437 4750; baseline 0.005 -26"><span class='ocrx_word' id='word_1_169' title='bbox 894 4655 1217 4742; x_wconf 74' lang='lat' dir='ltr'>Quercus</span> <span class='ocrx_word' id='word_1_170' title='bbox 1275 4656 1698 4748; x_wconf 78' lang='lat' dir='ltr'>sessiliflora</span> <span class='ocrx_word' id='word_1_171' title='bbox 1752 4658 1891 4729; x_wconf 82' lang='lat' dir='ltr'>Sm.</span> <span class='ocrx_word' id='word_1_172' title='bbox 1955 4657 2122 4730; x_wconf 83' lang='lat' dir='ltr'>Cum</span> <span class='ocrx_word' id='word_1_173' title='bbox 2177 4663 2437 4750; x_wconf 88' lang='lat' dir='ltr'>priore.</span> 
     </span>
    </p>
   </div>
   <div class='ocr_carea' id='block_1_20' title="bbox 3454 3051 3501 5090">
    <p class='ocr_par' dir='ltr' id='par_1_21' title="bbox 3454 3051 3501 5090">
     <span class='ocr_line' id='line_1_29' title="bbox 3454 3051 3501 5090; baseline 0 0"><span class='ocrx_word' id='word_1_174' title='bbox 3454 3051 3501 5090; x_wconf 95' lang='lat' dir='ltr'> </span> 
     </span>
    </p>
   </div>
  </div>
 </body>
</html>
